2684 4740
214 209 283 280 112

215 438 258 451 -
280 390 439 483 νορνεννός
460 419 528 466 non
550 411 599 465 est
621 397 807 477 tornatilis,
829 411 865 466 ut
883 400 1017 466 Crusius
1039 403 1126 467 male
1142 405 1253 485 vertit,
1269 405 1315 470 sed

214 535 382 591 tornatus.

345 643 486 715 V.,240.
533 634 680 726 ἔσῦμωσε
706 665 774 709 aor.
803 647 892 710 verbi
919 634 1065 725 σνμὸνω,
1095 669 1157 733 pro
1182 669 1244 730 quo
1265 650 1311 714 aiii

215 760 347 852 σιμὸνω,
369 756 522 848 scribunt,
547 765 848 855 appropinquandi
876 770 941 831 vim
968 767 1128 832 habentis.
1182 771 1309 836 Verbum
1338 818 1340 843 ,

214 893 292 974 hoc,
323 913 384 975 quo
414 891 476 955 soli
505 892 701 954 recentiores
724 884 873 972 utuntur,
896 892 984 955 dubii
1006 902 1056 954 est
1077 895 1190 974 etymi.
1235 896 1306 958 Male

215 1020 301 1080 eninr
324 1018 357 1079 id
381 1015 501 1078 Coraes
522 1007 642 1074 Ἀνακτ.
664 1015 755 1077 Tom.
780 1014 831 1077 IV
853 1035 883 1100 p.
903 1011 967 1077 1198
990 1015 1030 1076 ab
1053 1015 1188 1097 antiquo
1211 1009 1304 1098 σιμόν,

157 1121 172 1148 ’
213 1151 415 1225 repugnante
437 1137 632 1221 significatu,
656 1157 758 1217 quem,
781 1157 842 1218 quo
864 1136 943 1216 vult,
965 1137 1046 1199 mire
1069 1138 1246 1221 detorquet,
1265 1142 1303 1204 de·

215 1265 329 1325 ducere
358 1273 502 1324 conatur.
554 1260 705 1326 Fortasse
733 1271 769 1323 ut
798 1249 965 1339 ἀνταμόνω
993 1255 1186 1344 colloquor,
1203 1266 1301 1350 jungo,

214 1383 305 1464 unio,
328 1385 363 1446 in
386 1383 566 1444 recentiore
588 1382 702 1464 lingua
724 1384 763 1445 ab
786 1371 917 1462 dvrdpe
938 1402 1018 1461 uuo,
1041 1380 1153 1457 sirnnl,
1177 1387 1254 1466 qnod
1271 1405 1299 1448 ex

215 1502 250 1566 ἐν
271 1503 312 1581 τῷ
334 1494 405 1584 ἅμα
428 1515 563 1583 constat,
587 1524 735 1567 manasse
757 1516 881 1567 certum
904 1515 963 1584 est,
986 1506 1034 1567 ita
1055 1495 1299 1587 ovpdueevocu·

213 1628 256 1690 lis
278 1617 341 1684 edo
363 1637 396 1688 et
418 1614 499 1705 ἅμα,
522 1636 558 1688 ut
579 1625 765 1708 Dehequius
787 1647 910 1708 quoque
931 1629 968 1690 in
989 1627 1077 1692 Diet.
1100 1650 1151 1712 gr.
1175 1632 1250 1694 mod.
1269 1633 1298 1692 tr.

214 1759 334 1836 censet,
356 1749 526 1810 formatum
549 1759 605 1811 est.
650 1750 739 1812 Idem
770 1769 845 1812 vero
880 1761 940 1829 est,
964 1751 992 1812 si
1009 1751 1079 1831 quis
1104 1773 1149 1814 ex
1171 1753 1299 1816 adverbio

214 1860 306 1953 αυμά
334 1891 458 1956 prope,
481 1871 590 1956 Juxta
623 1871 754 1934 fluxisse
783 1873 884 1952 dieat,
918 1872 1000 1952 quod
1028 1893 1070 1935 ex
1097 1864 1162 1934 σύν
1188 1887 1220 1939 et
1244 1863 1299 1956 ripn

213 1996 423 2082 compositum
446 2015 515 2057 esse
537 1992 646 2075 liquet.
672 2029 714 2039 —-
736 1985 853 2068 πλησίᾶ
877 1995 900 2055 i.
924 2016 950 2070 e.
974 1987 1117 2070 πλησίον.

344 2115 387 2179 V.
412 2113 485 2180 241.
531 2106 574 2176 νὰ
595 2105 733 2196 defrigere
756 2115 987 2200 Conjunctivus
1016 2117 1162 2201 vulgaris
1188 2107 1299 2207 proed

213 2229 359 2320 ἐξείρητε.
402 2239 479 2301 Vid.
513 2238 555 2302 ad
581 2238 716 2322 Dialogi
749 2259 830 2302 vers.
862 2236 913 2302 13.
951 2273 995 2285 -
1032 2228 1190 2322 βανράχοι
1221 2241 1299 2306 metri

213 2383 309 2426 causa
330 2382 390 2447 pro
413 2349 578 2440 βάτραχοι.

343 2481 385 2542 V.
410 2479 485 2544 242.
529 2469 690 2560 κάμνοννε
717 2479 768 2544 vel
795 2471 942 2562 κάμνουν
969 2483 990 2548 i.
1020 2503 1048 2566 q.
1075 2475 1240 2568 κάμνουσι.
1261 2519 1299 2532 -

167 2584 171 2591 ¹
209 2595 300 2687 μάχη
323 2605 344 2668 i.
366 2626 393 2666 c.
416 2592 535 2683 μάχην.

343 2726 386 2790 V.
410 2723 482 2792 243.
528 2719 558 2787 κ’
581 2720 680 2808 ε’μένα
700 2719 741 2809 ,αὶ
756 2719 953 2788 ἀπέστειλαν.
997 2728 1039 2793 In
1053 2728 1107 2796 his
1123 2732 1228 2799 Verbis
1241 2752 1298 2820 pro.

210 2871 329 2917 nomen
351 2870 405 2912 me
426 2850 597 2935 dupliciter
620 2873 806 2938 expressum
829 2864 889 2930 est,
913 2864 947 2915 ut
969 2873 1076 2939 saepe,
1100 2856 1229 2938 quando
1244 2856 1298 2938 quis

211 2994 284 3037 cum
306 2969 452 3054 emphasi
475 2971 625 3050 loquitur.
653 2974 705 3034 lta
729 2974 832 3035 Galli:
855 2970 933 3049 moi,
956 2973 983 3036 il
1004 2979 1056 3040 rire
1074 2976 1204 3062 permit
1219 2971 1298 3058 ε’μὲνα

209 3086 251 3175 μὲ
279 3083 432 3171 φαίνεται.
484 3091 533 3155 cf.
562 3092 679 3156 David.
708 3093 809 3159 Metu.
837 3117 868 3182 p.
898 3099 1020 3166 erudior
1048 3099 1070 3162 l.
1098 3098 1121 3162 l.
1153 3122 1205 3185 gr.
1231 3100 1297 3165 mod.

208 3239 242 3305 p.
270 3216 323 3281 71.
351 3249 395 3263 ·-
423 3202 569 3295 καθάριοι
594 3237 653 3303 pro
682 3208 861 3298 ααὲναρίωςΙ
879 3216 1021 3298 diserte,
1043 3218 1135 3287 bona
1151 3218 1241 3311 fide,
1258 3216 1299 3288 nii

208 3336 408 3407 mentiendo.

339 3464 382 3525 V.
406 3457 482 3525 244.
526 3453 570 3520 ναὶ
588 3454 695 3542 ’porisne
716 3465 738 3525 i.
762 3485 789 3526 e.
813 3455 856 3522 voi
877 3458 990 3545 ἐμβῆτε
1012 3464 1042 3529 2.
1065 3489 1150 3554 pers.
1175 3470 1223 3558 pl.
1243 3488 1298 3537 aar.

208 3592 291 3671 conj.
314 3587 402 3649 vorbi
424 3576 574 3664 ἐμβαίνω,
596 3585 691 3669 vulgo
715 3577 862 3666 ἑμπαίνω.
887 3622 931 3634 -
952 3581 993 3647 rei
1014 3578 1145 3670 (Sippara
1168 3591 1298 3682 explicui

207 3711 350 3774 advers.
373 3706 447 3771 221.
471 3743 515 3754 -
536 3697 581 3766 νὰ
600 3697 726 3767 matese
749 3707 778 3771 2.
802 3731 885 3794 pers.
908 3711 952 3797 pl.
977 3716 1062 3797 conj.
1085 3734 1152 3780 aor.
1170 3729 1237 3783 aet·
1250 3735 1298 3804 pro

206 3853 244 3895 eo
274 3831 362 3911 quod.
383 3832 502 3894 eruditi
529 3832 733 3912 antiquorum
759 3853 847 3896 more
876 3836 1021 3898 scribunt
1048 3825 1190 3914 πιάαητε.
1234 3836 1298 3904 vit

205 3953 247 4018 ad
268 3972 348 4019 vers.
372 3950 447 4016 203.

337 4074 380 4137 V.
403 4072 478 4140 245.
524 4067 654 4156 §petrau
674 4079 770 4141 metri
791 4099 888 4144 causa
908 4099 967 4165 pro
984 4067 1127 4160 ἕμαξναν.
1144 4119 1191 4133 ·-—
1209 4071 1300 4146 εἴδασι

113 4258 119 4268 ,
202 4217 270 4288 pro.
285 4183 384 4276 rideo,
406 4199 430 4264 i.
453 4219 481 4262 e.
505 4185 598 4278 εἶδον,
619 4194 785 4264 viderunt.
832 4201 965 4266 Crusius
980 4202 1064 4268 male
1083 4209 1185 4274 vertit
1199 4204 1298 4274 scium

1216 4348 1298 4417 rue*
