2684 4740
1071 194 1136 266 127

30 381 177 466 στέρους)
200 384 266 448 aiio
287 381 435 468 epitheto
463 381 690 468 explicationis
718 405 814 450 causa
843 385 952 451 addito
972 383 1137 453 timenter

31 509 187 595 appellat.
234 506 284 568 Ex
307 503 369 567 hoc
392 504 561 588 multisque
590 506 666 570 aliis
688 508 844 595 exemplis
875 509 1001 573 ostendi
1023 521 1138 596 potest,

31 630 232 714 Hesychium
253 630 324 691 sine
350 629 540 692 recentioris
561 627 693 713 linguae
723 650 860 713 graecae
883 653 945 718 ope
967 652 987 696 a
1009 633 1139 696 nemine

31 753 243 841 probabiliter
265 751 428 814 emendari
449 771 550 837 posse.

164 874 208 937 V.
232 873 305 938 321.
348 862 477 934 ἀδύνατ’
506 860 587 933 εἶναι
615 859 650 932 rc'r
670 866 793 954 ’καμαν
813 898 846 936 κ.
868 893 894 936 r.
916 878 944 936 λ.
965 877 986 938 i.
1007 898 1035 939 e.
1059 870 1136 941 ἁδύ.

31 1021 128 1059 νατον
150 984 231 1056 εἶναι
251 987 295 1057 a&
320 987 508 1076 λησμονήσω
531 990 641 1071 ἐκεῖνο,
663 985 699 1055 rb
727 988 832 1056 ὁποῖον
860 983 987 1076 ”campan
1011 994 1055 1070 εἰς
1081 995 1140 1081 ε’μέ

15 1117 112 1208 fieri
134 1127 344 1204 conpotem,
366 1127 414 1193 ut,
436 1113 707 1204 qrrodsecerrmt
728 1114 763 1180 ic
786 1137 848 1198 me,
871 1113 1064 1183 obliviscar.
1096 1121 1137 1186 ln

32 1243 89 1306 his
111 1243 216 1304 verbis
237 1240 385 1319 λησμονῶ
407 1240 569 1303 citerioris
592 1240 777 1322 graecitatis
805 1240 994 1305 vocabulum
1021 1256 1071 1307 est
1097 1264 1138 1307 cx

32 1364 208 1426 notissimo
231 1363 434 1442 antiquorum
457 1361 613 1445 adjectivo
635 1352 765 1442 irionem
786 1364 967 1427 formatum.
1009 1365 1138 1433 Etenim

31 1481 257 1549 obliviscendi
277 1483 367 1546 notio
388 1502 474 1568 nunc
495 1504 622 1569 semper
643 1485 707 1548 ista
729 1505 804 1548 uoce
826 1487 1033 1571 exprimitur,
1056 1508 1137 1570 quae

29 1610 65 1672 in
88 1607 194 1671 locum
216 1600 271 1664 rofi
291 1593 516 1675 λανθάνεσβαι
538 1605 671 1670 suffecta
692 1617 756 1686 cst,
779 1608 937 1688 siquidem
965 1610 1049 1694 opud
1075 1630 1135 1676 no·

31 1731 91 1794 stri
114 1728 269 1813 temporis
293 1727 432 1789 Graecos
453 1725 540 1789 nihil
560 1738 670 1807 sonat,
696 1719 901 1810 λαιβάνομαι
930 1732 997 1794 nisi
1017 1753 1133 1819 pecco,

31 1871 108 1917 erro
131 1863 165 1914 et
177 1845 310 1937 sallon.

160 1971 204 2033 V.
228 1968 302 2036 322.
347 1958 421 2082 μεὲι]
449 1989 508 2057 per
536 1972 699 2053 synizcsin
729 1984 761 2034 et
783 1993 946 2060 apocopen
969 1993 1028 2058 pro
1048 1966 1135 2054 μίαν.

29 2127 73 2148 -
99 2079 235 2174 ἔφησαν
262 2114 328 2157 aor.
364 2095 429 2159 ind.
456 2105 519 2157 act.
547 2093 635 2157 verbi
664 2083 767 2169 α’ῳῖνω
795 2115 836 2157 ex
863 2095 994 2178 antiquo
1023 2088 1135 2178 ‹iqrirpu

19 2203 170 2285 'romara
193 2251 238 2263 —
259 2206 302 2277 r&
319 2206 454 2296 ’μμάτια
474 2215 617 2302 explicui
639 2216 680 2277 ad
702 2236 785 2279 vers.
807 2213 880 2280 128.

163 2338 205 2402 V.
229 2336 305 2403 323.
350 2325 491 2418 πόλεμου
511 2339 607 2401 metri
629 2357 726 2402 causa
753 2359 812 2424 pro
840 2333 988 2420 πολέμου.
1018 2374 1062 2386 -
1090 2333 1135 2422 ἕρ.

28 2452 207 2552 χοῦμουνα-
222 2463 324 2524 forma
345 2461 469 2548 plebeja
489 2481 549 2546 pro
576 2449 719 2541 ἠρχόμην
747 2457 934 2526 veniebam.
962 2497 1006 2510 ·-
1033 2448 1134 2542 ἤιιουυ

29 2583 197 2671 explebis
220 2585 448 2648 consuetudine
469 2603 529 2669 pro
551 2569 633 2661 ἥμην
656 2584 675 2645 i.
692 2606 718 2646 e.
741 2569 780 2656 ἦν
801 2603 905 2647 erem.
930 2620 974 2631 —
996 2591 1133 2644 Κοπιασ.

29 2699 109 2788 με’νη
131 2717 217 2793 pert.
238 2708 316 2792 peri.
340 2727 426 2791 pass·
449 2703 539 2767 verbi
565 2694 703 2775 κοπιάζω
734 2705 852 2768 omissa
878 2705 1133 2790 reduplicationc

28 2850 90 2917 pro
116 2821 347 2909 namuracpra'vn
378 2828 399 2889 i.
423 2847 451 2889 c.
470 2820 661 2911 fatigata,
690 2819 839 2909 defessa.
891 2825 940 2889 Cl.
963 2826 1072 2891 adnot.
1094 2828 1135 2894 od

30 2971 115 3015 vers.
138 2947 211 3015 305.

166 3069 206 3135 V.
230 3069 305 3138 324.
349 3061 508 3148 §brinnaco
534 3069 624 3154 vulgi
652 3091 741 3136 more
769 3092 827 3158 pro
856 3061 995 3148 &berizone
1018 3108 1061 3121 --
1084 3064 1131 3155 ὀρ.

28 3188 177 3278 γισμέυοι
202 3206 286 3281 part.
307 3196 386 3282 peri.
409 3213 495 3280 pass.
516 3193 605 3261 verbi
628 3186 741 3276 ὀργίζω
764 3184 822 3279 pro
845 3184 1049 3275 ὠργισμένοι,
1076 3199 1131 3262 sed

29 3319 126 3402 longe
149 3315 226 3394 alio,
250 3337 344 3398 quam
365 3317 401 3379 in
423 3316 557 3397 antiqua
578 3314 690 3401 lingue
711 3315 906 3401 significatu.
957 3315 1017 3383 Est
1045 3321 1130 3384 enim

29 3431 218 3522 opproprium
240 3435 273 3500 b.
295 3437 324 3516 1.,
340 3444 554 3513 exsecratus,
576 3434 808 3502 exsecrabilis.

161 3559 205 3622 V.
228 3557 304 3624 325.
346 3551 535 3632 ιΟληυυκτῆἰς
556 3559 738 3625 adverbium
765 3572 815 3625 est
836 3562 1041 3646 significans:
1069 3578 1133 3642 per·

28 3692 140 3747 lolam
161 3689 302 3746 coelem.
349 3680 487 3743 Constat
508 3691 612 3743 autem
634 3680 714 3747 baec
736 3684 834 3746 dictio
857 3703 900 3744 ex
921 3682 985 3763 adj.
1009 3670 1080 3743 ὅλος
1103 3691 1135 3740 et

27 3805 211 3871 recentiore
232 3825 309 3867 voce
331 3791 442 3876 oriere,
465 3821 544 3884 quae
558 3804 696 3889 primam
714 3803 964 3866 declinationem
982 3794 1136 3871 sequitur.

25 3927 104 3993 Vid.
129 3928 253 3990 observ.
273 3925 316 3999 ad
337 3943 420 3987 vers.
443 3921 503 4009 28.
541 3923 704 3987 Similiter
732 3919 824 3999 plebs
852 3934 941 3976 nunc
967 3911 1051 3972 dicit·
1069 3897 1139 3970 ὅλη·

21 4047 122 4132 μερῆς
145 4057 180 4110 et
199 4039 368 4125 ὃλημερνῆς
386 4063 452 4130 per
472 4050 579 4106 totum
602 4037 700 4102 diem·
742 4062 787 4075 -
824 4020 990 4104 ἕφίῖἵναζαν
1011 4011 1141 4089 Impar·

21 4187 87 4243 aet.
112 4167 206 4235 verbi
227 4166 344 4233 novitii
364 4153 513 4244 φωνᾶζω,
534 4177 595 4245 1³¹⁰
618 4173 680 4236 ‘1¹¹⁰
702 4143 831 4222 ⁰¹¹an
851 4130 962 4216 φωνέω
984 4118 1146 4189 ‘fixerunt'
