2684 4740
123 211 172 286 96

125 410 248 492 angat,
277 412 391 469 contre
416 412 454 467 ot
480 396 498 463 ὁ
524 391 715 482 βουλόμενος
741 392 873 476 ποιῆσαί
897 417 942 478 ο,
970 403 1001 467 si
1030 403 1110 486 illa,
1139 425 1226 488 qoam

124 550 204 618 prae
226 549 262 593 se
284 528 357 608 tert,
378 525 553 590 voluntatis
575 525 698 612 species
719 543 788 588 non
809 523 961 588 simulata
983 536 1049 607 est,
1072 527 1127 608 id,
1151 531 1226 608 quod

125 653 225 741 petit,
247 671 306 736 pro
328 645 451 712 viribus
480 648 608 729 assequi
636 646 778 742 studeat,
812 647 843 710 si
870 646 1023 712 simulata
1042 630 1120 729 est,
1149 649 1224 714 nihil

126 774 298 859 suscipiat,
321 791 382 852 quo
405 769 511 850 illius,
533 769 616 852 quod
638 770 674 831 in
695 769 779 832 votis
802 770 983 850 videbatur,
1007 791 1142 858 compos
1163 773 1223 837 fiet.

126 896 250 976 Quodsi
272 895 311 957 de
333 894 427 956 rebus
450 891 637 955 inanimatis
659 888 740 954 haec
761 893 858 954 verba
879 905 1093 979 usurpantur,
1118 907 1223 982 sponte

125 1031 225 1108 patet,
248 1018 323 1098 quia
344 1013 526 1098 hujusmodi
548 1015 642 1077 rebus
663 1032 741 1076 vera
761 1012 908 1078 voluntas
930 1027 1074 1097 nonest,
1092 1012 1220 1088 tumne

111 1145 191 1203 ·λειν
212 1140 251 1203 de
274 1161 313 1202 eo
336 1136 487 1221 intelligi,
503 1136 741 1218 quod‘fnturum
758 1156 828 1200 esse
843 1149 965 1201 certum
980 1149 1041 1218 est,
1053 1127 1218 1217 tiodiem

125 1266 165 1328 de
179 1274 314 1327 externa
323 1271 449 1323 tantum
460 1259 567 1345 specie
578 1259 692 1344 accipi,
710 1257 760 1321 vel
776 1259 816 1322 de
833 1281 881 1340 eo,
899 1260 983 1341 quod
999 1279 1069 1323 non
1087 1264 1216 1325 estlutu·

125 1406 208 1466 rum,
220 1385 295 1466 quia
306 1381 379 1444 fieri
398 1400 465 1444 non
475 1391 592 1467 potest,
600 1379 677 1443 licet
687 1382 827 1466 speciem
840 1382 999 1463 quandam
1013 1387 1174 1469 praebeat,
1184 1407 1216 1447 ex

125 1528 188 1591 qua
200 1507 272 1588 quis
283 1505 319 1566 in
330 1523 419 1590 spem
431 1503 545 1565 adduci
557 1514 662 1583 queat,
678 1502 758 1565 illud
770 1515 957 1567 eventurum
967 1526 1049 1571 esse.
1071 1505 1148 1570 Jam
1158 1527 1215 1594 per·

124 1631 253 1716 spicuus
276 1626 337 1688 erit
358 1625 448 1688 locus
470 1622 660 1688 Aristotelis
682 1622 737 1687 lib.
749 1624 784 1688 Il
807 1626 904 1692 Pone
928 1625 1035 1713 cap.6
1058 1628 1213 1694 allatusal

124 1752 319 1833 lloogeveno
342 1749 383 1811 ad
405 1745 483 1830 vig.
507 1767 537 1832 p.
561 1744 627 1810 226
650 1746 699 1810 ed.
724 1744 755 1809 3.
778 1746 889 1811 Herm.
911 1741 930 1823 ἡ
952 1738 988 1808 δὲ
1009 1736 1213 1829 ούνναξιςὸλη

124 1863 269 1954 podiatae
290 1859 351 1951 μὶν
371 1839 469 1945 εἶναι,
490 1857 568 1948 μήτε
587 1859 798 1948 δημοκρατία,
825 1857 901 1950 μήτε
928 1863 1120 1952 ὀλιγαρχία,
1146 1868 1213 1955 μέση

125 1987 162 2058 δὲ
183 1984 310 2069 rodeno,
331 1975 371 2068 ἣν
391 1985 527 2050 καλοῦσι
548 1982 711 2050 πολιτείαν.
755 1991 860 2054 Ροιιο
882 1994 1214 2059 rectissimeHerman-

123 2139 186 2184 nus
213 2115 279 2179 1.1.
301 2135 334 2201 p.
357 2111 422 2179 749
450 2103 595 2192 βούλεται
623 2115 659 2177 in
688 2112 760 2177 loco
790 2112 915 2196 Cratyli
937 2115 1100 2180 Platonici
1124 2119 1215 2180 inter-

124 2238 269 2329 pretatur
291 2229 478 2322 significat.
523 2234 634 2300 Verba
655 2237 742 2300 enim
764 2247 852 2299 sunt:
880 2228 915 2296 νδ
940 2228 1003 2317 μὲν
1030 2233 1079 2314 τῆς
1097 2227 1215 2314 Τηξιῦος

123 2356 185 2423 οὐκ
206 2355 304 2420 ε’ννοῶ
323 2349 355 2417 n'
374 2346 534 2438 dodican
555 2357 658 2419 sedin
677 2359 807 2438 duobus,
831 2359 887 2440 qui
908 2359 1027 2442 adjecti
1049 2372 1136 2444 sunt,
1150 2361 1213 2426 Asi-

122 2482 249 2548 stotelis
277 2478 358 2541 loeis
385 2466 530 2556 βούλεται
556 2496 623 2541 non
650 2479 836 2543 vertendum
863 2489 914 2544 est
944 2501 1017 2546 cum
1041 2483 1211 2548 Hermanno

123 2601 248 2679 studet,
266 2601 323 2664 sed
345 2596 427 2665 volt.
461 2600 502 2664 ln
523 2601 643 2686 priore,
667 2601 722 2682 qui
743 2624 761 2666 e
783 2600 884 2666 Rhet.
907 2603 952 2685 Il,
975 2601 1019 2668 23
1043 2605 1212 2694 depromtm

122 2730 170 2794 sic
192 2748 228 2790 sc
244 2723 364 2789 ‘haben
392 2711 471 2794 ὅλως
492 2715 557 2806 γὰρ
579 2713 726 2803 βοδλειαν
748 2719 766 2786 ὁ
786 2723 971 2808 κατηγορῶν
991 2721 1128 2806 βελτίων
1146 2716 1211 2789 ἐἶναι

122 2849 180 2914 τοῦ
200 2838 370 2929 φεῦγονιος
393 2846 583 2933 capiendum
604 2860 654 2911 cst
677 2847 758 2911 illud
779 2837 924 2926 βούλεται
952 2850 992 2913 cle
1014 2863 1154 2917 externa
1172 2873 1212 2917 vo-

121 2972 259 3037 luntatis
281 2969 387 3052 speeie
410 2988 448 3028 ac
470 2969 509 3029 de
532 2969 689 3031 orationis
716 2969 872 3051 artificio,
901 2992 962 3053 quo
991 2971 1069 3037 aliis
1097 2995 1214 3062 persua·

122 3095 198 3158 dere
219 3099 324 3152 tentat
346 3100 522 3168 aecusator,
544 3111 580 3154 se
603 3109 658 3152 reo
681 3089 848 3155 meliorem
870 3115 949 3157 esse.
978 3094 1020 3158 In
1035 3100 1213 3182 posteriorc,

121 3215 178 3299 qui
205 3212 325 3296 legitur
351 3210 448 3274 Polie
471 3210 507 3287 I,
535 3208 556 3275 4
583 3223 617 3276 et
645 3210 697 3277 his
724 3215 831 3278 verbis
854 3217 1049 3302 compositus
1077 3232 1132 3284 cst
1151 3214 1169 3297 ἡ
1186 3209 1214 3279 δὲ

121 3326 218 3420 φύσις
244 3323 389 3415 βούλεται
410 3324 471 3414 μὶν
491 3333 579 3395 τοῦτο
602 3336 699 3396 ποιεῖν
719 3327 883 3415 πολλάκις,
904 3331 944 3398 οὗ
963 3333 1070 3419 μέντοι
1092 3333 1215 3404 δύναται

119 3480 188 3526 non
215 3459 343 3522 dubium
370 3468 434 3537 est,
463 3459 541 3540 quin
567 3448 712 3536 βοδλειαν
737 3460 958 3547 accipiendum
980 3464 1025 3526 sit
1054 3464 1096 3528 de
1118 3465 1215 3547 eo,in

119 3603 182 3666 quo
195 3592 329 3643 externa
351 3578 489 3643 volentis
510 3582 634 3667 speeies
657 3584 864 3668 conspicitur,
886 3605 966 3666 quae
982 3595 1094 3650 tamen
1110 3589 1214 3653 effeou

120 3714 219 3782 earet,
242 3703 392 3783 quoniam
414 3701 576 3778 efficiendi
598 3703 734 3768 facultas
755 3705 855 3768 deest.
906 3705 1091 3772 Redeamus
1115 3712 1158 3775 ad
1177 3710 1215 3774 lo

120 3847 193 3892 cum
214 3823 363 3886 Platonis
385 3813 426 3882 νδ
446 3816 562 3906 δένδρα
575 3815 669 3885 οὐδὲν
682 3816 723 3906 μὶ
740 3820 827 3896 &eise
848 3815 1011 3888 διδάσκειν
1026 3831 1066 3894 de
1081 3852 1120 3896 re
1137 3843 1215 3897 certo

120 3950 227 4012 lutura
248 3944 503 4028 intelligendum.
548 3947 612 4033 Hic
633 3949 743 4011 statim
765 3970 954 4031 quaeramus
977 3964 1116 4038 oportet,
1139 3957 1217 4019 sitne

119 4071 159 4135 de
181 4065 317 4133 docendi
339 4068 467 4132 actione
488 4080 525 4132 ut
546 4068 645 4137 semel
659 4071 776 4148 lutura,
794 4092 837 4147 an
852 4084 888 4135 ut
901 4084 1055 4159 perpetuo
1070 4077 1124 4140 vel
1138 4087 1218 4142 certe

117 4193 246 4280 saepius
268 4192 376 4268 lutura
393 4191 609 4289 cogitandum.
652 4192 819 4258 Posterius
840 4214 949 4259 verum
971 4216 1053 4279 esse,
1076 4197 1146 4264 loei
1166 4219 1218 4264 na·

1150 4334 1218 4386 tura
