2684 4740
1123 261 1233 311 xxxin

129 412 320 489 dicendum
346 426 411 491 est.
460 415 564 514 Quae
590 418 621 491 si
648 419 728 517 quis
754 421 870 493 omnia
895 436 1057 500 accurato
1081 453 1232 529 perpen-

129 543 234 636 derit,
259 546 442 649 intelliget,
467 557 600 621 tantam
626 575 708 625 esse
732 550 920 650 utriusque
950 556 1074 654 populi
1104 559 1142 631 iu
1172 585 1230 634 so·

127 676 187 750 nis
225 676 370 753 alterins
408 679 632 754 enuntiandis
669 681 959 774 inconstantiam,
992 696 1033 760 nt
1067 689 1229 765 neutrius

126 805 269 924 linguae
293 812 618 911 pronuntiationem
642 838 687 887 ex
718 812 862 888 alterius
889 842 969 888 cum
1000 817 1110 894 altera
1135 845 1228 893 com·

126 936 312 1038 paratione
331 946 534 1040 conjectura
550 944 695 1042 assequi
710 943 824 1034 liceat,
841 946 1018 1045 citiusque
1035 949 1082 1022 ob
1098 950 1229 1024 utrius·

125 1096 201 1168 que
225 1070 349 1171 populi
373 1073 604 1172 cupiditatem
627 1075 836 1174 peregrinos
868 1101 977 1150 sonos
1009 1079 1144 1152 vitandi
1173 1108 1228 1153 rc-

125 1200 238 1300 periri
260 1229 380 1301 posse,
406 1203 587 1300 quomodo
612 1202 700 1275 alter
722 1203 875 1302 populus
891 1230 966 1276 non
984 1208 1228 1304 pronuntiarit,

127 1357 237 1429 quam
263 1331 447 1444 *quomodo
477 1331 721 1430 pronuntiarit.
771 1332 846 1407 Sed
877 1360 983 1433 quam
1015 1336 1140 1410 inatile
1169 1339 1228 1429 sit,

123 1487 170 1535 eo
196 1462 344 1536 consilio
368 1462 463 1536 inter
487 1489 527 1538 se
553 1488 755 1562 comparare
771 1463 993 1573 diversorum
1015 1467 1226 1568 populorum

122 1593 275 1692 linguas,
299 1603 341 1668 ut
365 1619 410 1667 ex
434 1593 631 1696 peregrinis
656 1595 804 1670 vocibus
831 1594 975 1677 alterius
1001 1600 1119 1698 gentis
1144 1627 1227 1700 pro-

122 1724 382 1802 nuntiationem
401 1724 529 1813 discas,
551 1726 748 1799 recentium
765 1752 910 1825 quoquc
931 1728 1142 1828 populorum
1160 1728 1227 1803 lin-

122 1881 214 1953 guae
240 1855 443 1930 ostendunt.
492 1855 609 1932 Nemo
635 1853 729 1954 apud
754 1855 877 1931 Gallos
902 1867 974 1931 tam
1007 1858 1126 1961 fatuus
1159 1871 1225 1948 est,

123 1996 166 2060 nt
190 1986 380 2075 eastimet,
411 2012 431 2059 e
455 1986 636 2063 vocabulis
663 1987 888 2086 germanicia,
920 2015 1012 2086 quae
1041 1990 1079 2062 in
1109 1990 1224 2089 ipsius

120 2143 322 2193 sermonem
346 2127 504 2216 recepta
543 2127 629 2193 sunt
659 2143 825 2215 quaeque
856 2118 974 2207 omnia
1006 2117 1051 2189 ad
1081 2119 1224 2218 gallicae

108 2243 265 2346 linguae
282 2247 478 2343 analogiam
495 2271 737 2342 sonorumque
755 2245 1035 2344 effingendorum
1050 2249 1225 2322 rationem

120 2387 259 2453 mutata
282 2387 376 2466 sunt,
402 2400 521 2452 veram
547 2376 736 2478 germanici
761 2376 937 2451 sermonis
967 2380 1224 2478 pronuntiatio-

119 2535 205 2583 nem
230 2508 397 2608 cognosci
423 2532 550 2608 possc3
575 2535 680 2583 nemo
706 2507 800 2608 apud
823 2534 891 2582 nos
916 2519 988 2583 tam
1012 2510 1153 2586 hebetis
1171 2510 1223 2603 in·

120 2641 226 2743 genii,
251 2650 292 2715 ut
316 2667 337 2715 c
362 2640 522 2729 vocibus
546 2665 635 2735 quos
662 2666 680 2709 a
705 2639 853 2710 Polonis
873 2648 982 2736 atque
998 2640 1130 2714 Russis
1148 2667 1220 2713 mu-

117 2772 213 2845 tuati
237 2795 371 2856 sumus,
396 2768 487 2840 disci
503 2791 612 2865 posse
631 2774 773 2845 statuat,
800 2768 978 2861 quomodo
996 2767 1141 2839 caedem
1162 2793 1224 2840 vo-

121 2925 185 2977 ces
210 2899 246 2972 in
271 2898 341 3000 illis
364 2897 496 2998 linguis
521 2895 754 2996 proferantur.
812 2892 886 2967 Sed
913 2894 999 2994 quid
1023 2896 1154 2994 loquor
1179 2896 1224 2983 dc

110 3032 250 3239 ¹&uis
286 3028 474 3104 admodum
517 3025 771 3102 dissimilibus?
836 3025 969 3100 Nonne
986 3090 989 3097 .
1007 3026 1223 3104 Batavorum

159 3188 378 3261 suorumque
402 3160 552 3260 linguae,
577 3184 668 3257 quae
692 3157 803 3231 multo
829 3156 1015 3231 similiores
1050 3159 1222 3259 germani-

119 3320 184 3369 cae
210 3304 305 3378 sunt,
332 3319 438 3392 quam
461 3290 568 3366 latina
593 3289 659 3368 luit
690 3314 854 3390 graecae,
885 3296 985 3378 tanto
1017 3289 1223 3385 pronuntia-

112 3425 228 3502 ¹tionis
254 3424 457 3499 discrimine
482 3450 502 3496 a
528 3447 569 3497 se
592 3408 715 3495 mutuo
741 3398 990 3519 sejunguntur,
1021 3426 1063 3489 ut
1097 3416 1159 3513 qui
1182 3415 1222 3488 ii-

115 3557 205 3637 ,dem
228 3554 395 3630 videntur
426 3579 507 3639 esse
543 3553 637 3642 soni,
663 3552 688 3624 ii
718 3561 838 3625 tamen
871 3528 1015 3624 diverso
1047 3532 1154 3621 modo
1186 3557 1223 3622 ct

95 3688 99 3693 ’
121 3687 313 3761 efferantur
339 3694 376 3758 et
400 3685 609 3758 scribantur.
664 3681 765 3780 Quid
788 3707 874 3757 vero
899 3679 1036 3776 linguas
1068 3662 1222 3752 comme*-

113 3844 222 3901 -moro
247 3817 429 3895 diversas?
455 3814 608 3903 jNonne
634 3814 792 3910 ejusdem
818 3812 957 3907 linguae
981 3808 1099 3884 variae
1117 3806 1223 3879 diale-

120 3952 171 4030 cti
206 3951 302 4027 varie
335 3945 559 4049 pronuntiari
596 3943 774 4018 assolent?
823 3939 953 4014 Nonne
992 3939 1095 4012 aliter
1126 3937 1222 4037 apud

115 4108 188 4162 ,nos
213 4082 391 4170 Saxones,
423 4078 527 4154 aliter
554 4076 701 4165 Bavari,
733 4074 832 4149 aliter
862 4069 1047 4143 Austriaci
1079 4056 1224 4163 caeteri-

123 4240 194 4314 que
219 4214 441 4299 Germaniae¹
456 4210 579 4312 populi
599 4208 806 4305 loquuntur,
832 4203 920 4276 adeo
945 4209 1083 4297 utnon
1110 4195 1224 4289 solnm
1266 4297 1269 4301 .

929 4337 944 4371 ἢ(
957 4335 972 4369 ¹&
987 4329 1000 4360 *
