2684 4740
1103 210 1173 264 Lvu

71 398 135 451 eos
166 375 203 450 in
229 367 360 476 quibus
390 373 497 450 nimis
527 370 678 450 barbare
705 373 851 450 locutus
880 381 997 469 esset,
1026 375 1181 482 denique

69 533 153 597 eos,
178 509 215 582 in
247 509 378 610 quibus
409 526 479 584 vox
507 507 615 609 paulu
647 507 764 611 aptior
795 508 840 583 ad
869 508 990 611 'graeci
1018 511 1181 589 vocabuli

66 649 285 742 potestatem
304 639 633 734 reddendam3mil1i
650 642 689 717 in
706 651 863 718 mentem
880 642 1029 721 veniret
1073 640 1180 746 Quae

67 786 179 873 quum
203 772 253 849 ita
275 775 361 866 siut,
386 773 492 879 louge
515 774 770 878 elegantiorem
794 773 887 850 hauc
909 776 1178 854 translationem

66 905 210 981 efficere
241 906 451 1009 potuissem,
484 908 521 983 sl
557 907 595 983 id
631 896 737 984 unice
773 908 860 983 mihi
896 910 1178 1012 proposuissem.

66 1036 204 1113 Verum
234 1039 351 1140 ipsum
384 1040 580 1143 elegantiae
608 1040 786 1137 studium,
825 1042 922 1139 quod
960 1042 992 1115 si
1028 1043 1178 1117 nimium

66 1180 160 1261 erat,
187 1172 369 1248 'tironibus
399 1173 438 1246 iu
466 1172 539 1247 hoc
570 1184 679 1273 opere
710 1169 887 1246 obfuisset
917 1170 1038 1270 potius
1071 1200 1178 1274 quam

67 1302 275 1401 profuisset,
299 1303 431 1378 linibus
469 1302 683 1404 quibusdam
719 1301 1080 1379 ‘circumscribendum
1112 1332 1179 1408 pu·

63 1432 150 1510 tavi.
211 1421 305 1510 Nam
335 1434 604 1537 perspicuitatis
636 1450 743 1512 causa
774 1432 948 1537 quaedam
979 1437 1097 1513 miuus
1129 1437 1178 1514 la·

61 1565 137 1639 tina
161 1564 299 1668 reliqui,
323 1565 423 1645 velut
445 1590 572 1645 vocem
601 1564 790 1670 rhythmus
821 1592 932 1644 sensu
956 1568 1106 1645 barbaro
1137 1570 1175 1645 in

62 1696 298 1775 translatione
327 1674 466 1801 dialogi.
523 1700 648 1800 Quum
679 1709 797 1774 autem
827 1698 993 1777 ducentis
1022 1700 1098 1777 lere
1123 1701 1175 1779 lo·

64 1831 116 1906 cis
142 1831 179 1905 in
203 1858 314 1933 parvo
338 1831 409 1906 hoc
432 1842 597 1932 poemate
613 1831 734 1910 Crusii
751 1824 1081 1933 interpretationem
1099 1858 1175 1909 mu·-

62 1963 221 2055 taverim,
248 1964 386 2040 exstitit
409 1963 610 2056 translatio,
634 1980 728 2066 qnae
752 1966 822 2065 jam
846 1990 920 2040 nou
944 1965 1058 2067 magis
1084 1962 1173 2039 Crus

63 2093 124 2184 sii,
153 2118 260 2196 quam
291 2119 370 2171 mea
402 2106 467 2173 est
524 2096 652 2199 ltaque
684 2099 722 2171 in
753 2095 857 2171 titulo
888 2095 992 2188 hujus
1022 2093 1103 2167 libri
1134 2095 1171 2169 in

61 2239 242 2327 'suspenso
273 2228 544 2326 relinquendum
578 2250 660 2303 esse
693 2239 792 2302 ratus
830 2238 928 2310 snm,
967 2248 1092 2297 meane
1124 2225 1171 2300 sit

60 2355 311 2457 interpretatio
336 2383 380 2430 an
406 2357 536 2432 Crusii.
586 2358 697 2457 Quod
723 2353 899 2455 reliquum
926 2363 999 2447 est,
1023 2355 1171 2431 ubicun-

62 2513 134 2589 que
166 2488 323 2565 locorum
355 2488 528 2565 Crusiana
558 2487 816 2590 interpretandi
840 2474 941 2579 ratio,
967 2514 987 2563 a
1017 2512 1076 2564 me
1105 2489 1169 2565 im·

59 2621 219 2722 probata,
245 2604 297 2696 ab*
316 2618 392 2696 aliis
419 2621 562 2696 delendi
586 2646 698 2722 posse
722 2620 924 2708 videbatur,
959 2621 1072 2714 (duos
1103 2622 1169 2697 luu-

56 2752 216 2853 jusmodi
239 2753 340 2825 locos
366 2777 448 2825 esse
473 2751 657 2850 suspicor)
684 2774 836 2848 aequum
860 2775 918 2821 me
943 2749 1090 2848 praebui
1114 2752 1168 2847 ju-

59 2883 194 2972 dicem,
226 2884 432 2959 memoratis
465 2882 503 2955 iu
534 2879 800 2959 Commentario
831 2881 950 2957 verbis
982 2852 1181 2957 Crusiunis

56 2991 246 3117 allatisque
271 3015 498 3117 argumentiS‚
525 3040 635 3116 quare
659 3002 719 3089 illa
742 3015 958 3115 rejecissem.
996 3010 1166 3116 Denique

55 3149 342 3226 Commentarius
382 3174 455 3251 quo
492 3147 562 3224 hoc
600 3172 744 3224 carmen
778 3149 950 3224 illustravi
987 3146 1165 3248 duplicem

53 3282 165 3358 habet
187 3293 359 3358 naturam.
409 3281 480 3358 Est
505 3282 600 3358 enim
623 3292 698 3358 tam
722 3308 846 3357 eorum
869 3281 950 3357 usui
968 3300 1165 3356 accommo-

55 3415 170 3505 datus,
196 3416 259 3517 qui
282 3413 441 3490 noudum
466 3414 649 3518 vulgarem
677 3432 878 3492 sermonem
911 3437 1077 3515 graecum
1110 3412 1164 3487 di·

54 3547 226 3639 dicerunt,
253 3566 359 3648 quam
392 3547 454 3648 qui
484 3550 555 3646 jam
587 3547 649 3624 diu
679 3548 718 3623 in
751 3574 794 3624 eo
825 3545 997 3623 discendo
1029 3546 1163 3623 versati

53 3691 146 3756 sunt
202 3679 301 3757 Olim
333 3679 476 3781 quidem
506 3672 761 3758 constitueram
790 3680 898 3755 talem
930 3679 1080 3754 eruditis
1111 3677 1161 3751 oi·

51 3812 145 3889 ferre
175 3810 495 3904 Commentarium,
526 3816 589 3915 qui
623 3834 858 3916 quaecuuque
887 3812 924 3884 in
956 3811 1083 3887 Corais
1115 3808 1162 3883 de

50 3946 252 4022 recentiore
276 3945 395 4048 lingua
420 3945 587 4047 operibus
612 3947 671 4025 vel
695 3948 843 4035 omissa,
874 3942 933 4021 vel
964 3969 1039 4019 nun
1072 3942 1163 4017 satis

50 4086 150 4155 reete
176 4079 349 4182 explicata
374 4089 498 4155 essent
523 4078 577 4154 sic
601 4078 916 4181 complecteretur,
947 4084 988 4150 ut
1021 4071 1165 4173 supple-=

51 4220 212 4289 mentum
236 4211 360 4287 haberi
384 4220 511 4321 posset
535 4210 720 4297 docuique
745 4206 997 4310 grammaticae
1028 4206 1072 4280 ab
1103 4201 1164 4276 illo

768 4381 869 4419 ΝΗ*
