2684 4740
203 197 251 275 72

130 423 133 427 ’
204 392 298 460 uibus
324 405 422 475 saepe
449 383 619 462 inseritur,
648 383 703 446 ubi
730 400 798 446 non
824 380 989 468 praecedit
1015 379 1193 464 digamma.
1244 379 1302 445 Hac

204 513 331 578 ratione
352 499 475 590 πταίγω
502 527 562 594 pro
590 497 707 584 avolo,
730 495 854 585 κλαίγω
875 525 935 590 pro
954 493 1055 563 κλαίω
1078 503 1210 565 dicitur.
1254 503 1304 568 His

204 632 425 713 similibusque
458 627 632 716 exemplis,
669 628 783 710 quibus
817 627 959 692 abundat
992 626 1157 688 recentior
1189 624 1302 710 lingua,

205 755 418 832 cridiensem,
442 752 668 835 cognationem
690 750 850 832 quendam
872 771 942 812 esse
964 749 1051 811 inter
1074 768 1209 831 gamma
1222 749 1303 812 etdi.

207 896 351 961 gamma,
381 874 420 937 de
447 894 510 956 qua
536 875 572 936 in
600 871 841 937 Commentario
864 871 905 936 ad
927 869 1261 967 l'tocboprodromum
1279 893 1302 958 p.

207 997 260 1067 63.
283 1016 368 1088 seqq.
412 995 534 1064 Goraes
556 996 707 1059 disseruit
729 1014 850 1076 nosque
873 994 973 1056 fusius
1001 993 1180 1074 aliquando
1210 995 1303 1080 dispv.

206 1132 277 1189 tare
298 1118 478 1188 statuimus.
524 1117 673 1200 Denique
694 1112 785 1194 abac,
808 1121 897 1200 cujus
924 1116 997 1179 loco
1026 1115 1182 1180 nonnulli
1211 1118 1303 1180 minus

207 1253 296 1312 reete
317 1231 408 1301 atara
435 1241 596 1322 scribunt,
624 1240 814 1303 femininum
841 1239 985 1332 doricum
1012 1237 1140 1306 videtur
1169 1238 1303 1323 adjectivi

208 1363 347 1431 verbalis
374 1382 396 1432 a
422 1364 517 1425 verbo
545 1352 704 1442 πηγνύναι
730 1349 921 1437 velocitate
942 1360 1085 1440 deducti,
1113 1360 1152 1430 id
1174 1362 1255 1443 quod
1273 1384 1301 1424 eo

208 1485 314 1567 magis
335 1484 501 1570 probabile
524 1494 583 1563 est,
606 1503 667 1564 quo
690 1485 796 1565 major
817 1483 993 1551 similitudo
1021 1493 1070 1545 est
1091 1503 1211 1548 vocum
1234 1475 1301 1564 prii.

208 1621 325 1684 aaaron
346 1615 379 1667 et
400 1592 567 1683 palinuro,
590 1624 723 1686 quarum
744 1605 834 1696 prior
856 1605 940 1691 apud
961 1593 1085 1672 veteres
1107 1605 1214 1684 idem,
1236 1606 1302 1688 quod

208 1727 370 1814 posterior
392 1724 489 1795 hodie
510 1725 685 1810 significat.
708 1761 752 1780 .-
779 1726 820 1791 In
842 1728 947 1791 verbis
969 1719 990 1808 ᾐ
1012 1718 1302 1810 πολυσουσαμάταις

208 1850 302 1935 prior-
326 1847 441 1919 vooula
468 1859 518 1916 est
545 1868 630 1918 nom.
659 1848 742 1935 plur.
770 1849 843 1910 fem.
872 1850 1001 1932 generis
1029 1844 1164 1914 articuli
1190 1872 1249 1938 pro
1268 1844 1301 1915 oi.

207 1969 438 2048 Istamautem
459 1971 595 2034 formam
617 1972 715 2035 etiam
732 1990 819 2038 nunc
835 1969 949 2054 vulgus
965 1982 1055 2035 amat
1068 1984 1104 2038 et
1115 1972 1303 2038 celebrat-

208 2082 496 2171 cobococoopoivoc
518 2094 594 2174 quid
616 2094 670 2173 sit,
693 2093 749 2160 vix
771 2113 850 2179 opus
873 2104 922 2157 est
943 2083 1055 2159 multis
1077 2097 1183 2160 verbis
1212 2095 1304 2160 decla·

206 2214 285 2287 rari.
335 2215 525 2284 Tenendum
552 2215 789 2296 tantummodo,
819 2228 979 2282 sesamum
1010 2236 1099 2281 nunc
1125 2219 1163 2284 ab
1196 2217 1305 2285 infime

205 2335 299 2421 plebe
321 2337 480 2422 appellari
502 2325 654 2417 σουσάμι,
677 2337 760 2417 quod
782 2337 1011 2407 deminutivum
1027 2360 1099 2404 esse
1115 2360 1226 2405 omnes
1240 2360 1302 2428 per-

207 2457 375 2540 spicient.»
401 2457 513 2536 Itaque
534 2478 576 2519 ex
597 2448 707 2534 πολὺς,
730 2450 872 2537 σουσάμι
900 2471 933 2523 et
954 2459 1059 2529 latina
1086 2464 1302 2530 terminatione

207 2582 287 2646 atus
309 2576 480 2647 formatum
502 2589 552 2640 est
573 2576 636 2648 hoc
657 2578 845 2646 vocabulum
872 2577 1171 2665 πολυσουσαμάτος,
1221 2583 1301 2650 Hanc

208 2694 348 2763 latinam
370 2700 574 2784 positionem,
600 2721 695 2782 quam
717 2702 823 2766 medio
845 2722 923 2767 aevo
942 2704 1059 2770 Graeci
1080 2708 1117 2773 in
1139 2728 1233 2778 suam
1251 2707 1300 2770 lin,

206 2839 302 2903 guam
325 2823 501 2889 transferre
523 2836 713 2909 coeperunt,
740 2825 851 2889 multis
874 2829 946 2908 jam
974 2803 1145 2894 vocabulis
1166 2851 1188 2894 a
1210 2829 1300 2894 Theo

206 2941 285 3010 doro
313 2941 492 3010 Prodrcmo
521 2942 675 3007 adhibitis
702 2943 878 3010 adhaerere
906 2949 1063 3030 videmus,
1093 2953 1207 3032 qualia
1237 2961 1301 3016 sunt

205 3048 447 3142 ἆμῡγδαλάτος,
475 3045 866 3145 bmpupouovxevpuuoirocp
885 3062 1210 3157 μορφοπρασωπάνος,
1231 3096 1301 3157 μαι».

204 3169 435 3260 oovpvxotpoivoc
486 3181 535 3250 Cf.
574 3183 689 3251 corais
724 3189 967 3258 adnotationem
998 3193 1040 3259 ad
1073 3193 1302 3285 Ptechcprodr.

202 3299 256 3371 lib
280 3301 297 3372 1
319 3323 400 3370 vers.
424 3302 467 3369 59
488 3326 563 3391 pag.
586 3303 629 3373 43
653 3310 749 3374 etad
771 3311 949 3377 Plutarchi.
972 3314 1034 3381 vol.
1056 3314 1092 3378 Π
1114 3335 1191 3403 pag.
1218 3318 1290 3388 377.

334 3422 376 3496 V..
401 3423 454 3494 66,
498 3419 698 3512 ξακχαράτος
719 3433 911 3517 adjectivum
934 3436 1103 3501 deductum
1123 3458 1145 3502 a
1158 3427 1305 3522 ζοίιφςαᾳ,

204 3546 293 3625 eujus
314 3545 387 3613 loeo
411 3549 536 3630 antiqui
563 3539 717 3633 σάκχαρι,
739 3547 873 3636 abactae
895 3568 929 3620 et
950 3545 1123 3640 σάκχαρον
1149 3559 1305 3628 dicebant

334 3665 376 3727 V.
400 3666 453 3732 67.
498 3661 567 3751 rogi
588 3674 640 3735 vel
661 3667 767 3754 ,τυρίοω
782 3678 1013 3746 deminutivum
1029 3691 1078 3743 est
1093 3685 1308 3756 recentiorum
1338 3751 1340 3757 ,

165 3777 177 3785 ’
201 3804 291 3855 more
313 3782 368 3854 hic
388 3791 529 3874 positum
552 3813 610 3877 pro
633 3796 772 3880 simplici
793 3791 894 3884 tonde,
917 3803 1000 3882 quod
1022 3821 1109 3866 nunc
1132 3806 1308 3878 obsoletum

199 3916 258 3992 est·
282 3940 325 3953 ·-
347 3899 495 3987 κάμνουυ
516 3914 537 3978 i.
562 3935 589 3979 e.
611 3904 782 3994 κάμνουσι,
804 3931 840 3983 ut
863 3923 1084 3993 adnotavimus
1107 3925 1149 3994 ad
1173 3947 1258 3997 Vers,
1281 3927 1307 3997 3,
1338 3971 1340 3977 ·

287 4063 288 4067 ¹
330 4027 372 4093 V.
397 4029 449 4094 68.
496 4025 571 4096 odel
592 4025 769 4117 pvvgv'pitpoug
792 4034 929 4113 ἁπαλαῖς
951 4065 1014 4114 nec
1028 4041 1201 4111 Laconici
1216 4045 1309 4119 casti

197 4145 347 4221 delicati.
395 4151 444 4222 Cf·
472 4153 619 4243 Ducang.
656 4159 760 4232 Gloss
790 4165 870 4233 med,
902 4177 935 4238 et
963 4168 1022 4237 inv.
1045 4187 1150 4250 graec.
1176 4170 1309 4244 real
