2684 4740
1088 223 1148 273 xm

44 393 178 471 eruditi
202 393 251 468 ita
276 391 510 493 loquerentur
534 400 571 464 ct
594 389 810 481 scriberent,
843 400 884 464 ut
912 390 957 465 ad
983 388 1148 475 dictionis

44 527 311 628 praestantiam,
338 524 475 624 qualem
501 525 684 624 superiora
710 522 850 597 saecula
875 522 1045 612 tulerant,
1070 548 1151 624 pro·

45 660 142 733 xime
168 657 389 746 accederent,
414 656 540 756 vulgus
566 666 696 746 tamen,
723 656 820 754 quod
845 664 928 731 ante
953 666 1030 729 acta
1060 664 1151 729 tem·

45 776 142 893 pora·
161 816 240 864 non
276 797 385 877 curat,
410 789 659 889 praesentibus
697 787 797 863 malis
832 780 1070 888 ingemiscens
1104 789 1153 862 ob

10 958 13 995 ;
46 923 244 997 litterarum
269 921 501 1022 ignorantiam
533 946 606 993 non
639 919 762 994 rudius
794 918 917 1010 modo,
948 918 1014 995 sed
1046 919 1152 995 etiam

10 1088 17 1127 r
49 1054 253 1153 corruptius
288 1051 459 1153 loquendi
497 1028 612 1154 genus
648 1054 718 1149 jam
753 1051 916 1127 habebat.
964 1051 1064 1128 Haec
1094 1052 1154 1127 illa

50 1196 109 1261 est
133 1185 262 1284 lingua,
287 1211 394 1282 quam
418 1182 503 1256 inde
528 1210 549 1255 a
573 1191 690 1261 sexto,
701 1181 777 1254 fere
801 1190 887 1279 post
911 1179 995 1261 Chr.
1020 1208 1055 1254 n.
1079 1208 1158 1263 sae,

10 1348 17 1395 ;·
53 1317 135 1391 culo
168 1315 387 1390 Graecorum
424 1314 618 1413 scriptores
655 1311 834 1414 vulgarem
864 1311 921 1388 v'el
949 1312 1156 1413 popularem

52 1445 239 1548 (fqpaniefm
253 1443 393 1546 ἁπλῆν,
408 1442 552 1547 motoria),
569 1441 755 1555 ἰδιωτικὴν
765 1441 1161 1553 (factitatum)ttefpftuio·¹

53 1610 132 1656 σαν
161 1584 237 1653 τῶν
264 1575 461 1672 χυδαίων)
495 1577 681 1677 appellant.
736 1577 780 1650 fn
810 1577 879 1651 hoc
909 1604 1030 1659 rerunt
1059 1587 1157 1655 statu

54 1711 142 1787 nihil
159 1709 336 1802 funestius
356 1708 469 1808 plebis
488 1708 661 1806 loquelae,
685 1735 791 1807 quam
810 1708 847 1782 in
865 1709 942 1784 dies
960 1735 1158 1809 augescens

56 1870 121 1944 per
145 1850 261 1916 totum
287 1837 394 1910 medii
418 1840 497 1915 aevi
521 1840 675 1939 spatium
707 1867 788 1914 cum
816 1841 1014 1940 peregrinis
1046 1841 1159 1941 genti-

56 1976 126 2049 bus
152 1970 402 2047 commercium
428 1970 588 2046 accidere
620 1981 771 2071 poterat.
830 1972 961 2050 Variae
993 1973 1160 2047 nimirum

56 2107 220 2181 nationes
233 2103 434 2191 barbarae,
461 2129 552 2201 quae
578 2103 803 2211 continenter
834 2103 872 2176 in
902 2105 1042 2203 imperii
1072 2105 1160 2179 fines

10 2290 12 2297 -
57 2237 302 2334 irrumpebant
326 2242 363 2304 et
388 2233 598 2329 quibuscum
625 2256 740 2331 usque
765 2232 856 2307 bella
878 2235 1032 2336 gerenda
1050 2246 1161 2326 erant,

10 2450 13 2455 ,
58 2366 231 2469 imprimis
259 2390 344 2439 vero
368 2345 518 2437 fanatica
549 2363 607 2437 ilfa
639 2363 901 2443 Cruciferorum
933 2367 1072 2466 agmina
1103 2395 1162 2446 va-

59 2509 116 2577 sto
141 2495 295 2571 tumultu
329 2495 515 2571 Graeciam
544 2499 788 2596 percursantia
820 2526 901 2573 cum
931 2500 1051 2577 multis
1083 2503 1163 2600 ejus

58 2630 193 2707 incolas
219 2628 357 2703 damnis
383 2628 594 2717 affecerunt,
625 2640 702 2704 tum
733 2631 931 2705 constituto
962 2634 1012 2706 ibi
1042 2633 1163 2722 latino,

58 2762 160 2864 quod
190 2758 384 2843 uocabant,
421 2757 570 2854 imperio
600 2758 746 2855 longum
775 2784 841 2855 per
869 2769 1012 2857 tempus
1049 2761 1164 2858 plebis

62 2889 220 2969 sermoni
251 2886 305 2961 sic
336 2897 566 2976 nocuerunt„
583 2898 624 2963 nt
646 2889 759 2989 magis
788 2889 974 2991 magisque
1006 2890 1165 2969 insititiis
1302 2880 1305 2884 ’

60 3012 208 3105 vocibus
241 3019 506 3094 deformaretur.
560 3019 635 3096 sed
666 3023 760 3097 enim
777 3047 864 3101 ,non
892 3021 1018 3101 hostes
1049 3022 1166 3129 solum

60 3160 99 3232 in
130 3179 235 3229 causa
267 3151 426 3242 fuerunt,
462 3161 504 3225 ut
532 3152 688 3253 vulgaris
719 3154 808 3229 baec
840 3157 1016 3256 graecitas
1049 3154 1166 3231 labem

61 3285 298 3374 contraheret,
321 3309 446 3360 verum
469 3283 520 3358 illi
546 3313 691 3386 quoque
706 3288 837 3389 populi,
855 3289 917 3386 qui
933 3297 1166 3367 mercaturam

62 3420 233 3495 facientes
260 3442 304 3490 ex
334 3415 412 3492 aliis
436 3419 642 3520 regionibus
674 3419 901 3494 mercimonia
932 3419 978 3492 ad
1009 3417 1167 3494 Graecos

62 3529 300 3665 perferebant,
324 3548 502 3648 plebeium
531 3550 702 3659 loquendi
733 3578 846 3653 genua
877 3549 1085 3648 inquinasse
1116 3551 1169 3626 di-

65 3681 170 3759 cendi
194 3689 287 3756 sunt.
336 3679 503 3780 Namque
527 3683 675 3767 vocibus
700 3683 858 3774 Latinis,
881 3682 1042 3773 leticia·
1060 3681 1169 3759 Gaffi-

10 3864 15 3879 ·
66 3819 134 3907 cis,
158 3811 341 3902 Arabicis,
358 3791 546 3903 'Turcicim
576 3814 776 3894 Slaronicis
810 3817 960 3915 aliisque
989 3825 1069 3892 tum
1098 3817 1169 3919 pri·⁸

65 3975 161 4024 mum
186 3943 309 4046 populi
334 3971 452 4022 sermo
476 3956 641 4048 turpatus
671 3959 709 4024 et
734 3950 837 4049 quasi
861 3947 1079 4024 adulteratus
1095 3959 1171 4025 est

65 4081 225 4169 Primus,
257 4079 356 4178 quod
385 4077 511 4169 sciam,
549 4082 611 4179 qui
642 4081 779 4187 vulgari
808 4080 928 4183 lingua
957 4081 995 4155 in
1024 4080 1170 4180 scriptis

65 4239 155 4303 usus
182 4221 253 4302 est,
278 4210 345 4287 fuit
375 4209 589 4290 Theodorus
619 4213 857 4307 Prodromns,
888 4239 996 4315 quem
1027 4211 1172 4312 saepius
