2684 4740
119 214 168 264 XX

120 385 273 476 luerunt,
285 378 464 457 interdum
489 406 563 455 non
587 377 766 482 refugiunt
781 404 901 470 voces,
920 379 1069 481 phrases
1089 389 1127 454 ct
1150 383 1230 480 jun·

120 528 240 595 eturas
255 518 373 591 minus
390 513 581 615 elegantes.
622 513 758 587 llarum
783 513 940 588 omnium
957 514 1059 612 quasi
1076 513 1230 590 obrussa

120 660 263 753 praeter
276 658 438 726 veterum
454 644 761 749 grammaticorum
780 646 1025 720 auctoritatem
1048 648 1232 724 recentior

121 780 296 885 graecitas
309 790 374 855 est.
390 778 535 855 Etenim
547 778 604 856 vel
617 778 835 853 eruditorum
849 804 967 853 sermo
986 778 1043 854 vel
1064 779 1161 884 vulgi
1177 780 1232 857 lo·

123 914 228 1016 quala
239 911 330 988 tales
343 911 484 986 dicendi
495 913 620 987 modos
633 911 787 986 retinuit.
804 909 948 1010 Quodsi
961 910 1048 985 aliae
1056 912 1232 1014 loquendi

123 1045 294 1121 lormulae
310 1041 405 1118 idem
422 1042 674 1144 significantes,
701 1070 792 1142 quae
813 1042 895 1117 olim
916 1044 1141 1139 exstiterunt,
1158 1074 1233 1124 non

123 1177 274 1280 amplius
298 1176 337 1250 in
359 1201 429 1251 usu
455 1185 550 1266 sunt,
576 1177 720 1250 minime
744 1177 937 1250 obscurum
962 1187 1027 1269 est,
1046 1204 1119 1270 eas,
1140 1208 1232 1280 quae

123 1336 219 1385 nunc
243 1317 455 1410 supersunt,
479 1308 575 1409 apud
608 1308 776 1408 antiquos
807 1333 873 1409 pro
905 1308 1054 1410 plebejis
1087 1311 1230 1391 habitas

124 1468 216 1518 esse.
265 1439 307 1516 si
330 1465 417 1518 vero
442 1448 585 1541 praeter
607 1438 709 1531 tales,
735 1439 780 1514 de
806 1440 937 1541 quibus
962 1444 1110 1544 agimus,
1134 1444 1233 1521 locu·

122 1576 241 1651 tiones
260 1571 348 1647 aliae
361 1597 507 1673 quoque
519 1571 626 1646 hodie
636 1574 790 1648 usitatae
805 1584 891 1648 sunt
902 1575 1122 1667 urbaniores,
1135 1577 1231 1653 idem

124 1706 327 1797 discrimen,
337 1702 721 1805 quodinterbashodie
732 1704 1151 1808 intercedit,plerumque
1162 1715 1232 1812 jam

123 1849 286 1918 veterum
310 1861 398 1913 aevo
422 1835 498 1909 fuir.
549 1835 698 1936 Optime
717 1845 835 1910 autem
854 1835 1048 1937 Pluyniebi
1067 1841 1234 1919 aliorum·

125 1998 197 2072 que
221 1969 542 2044 Grammaticorum
568 1968 614 2041 de
639 1966 814 2043 sermonis
840 1969 1005 2045 castitate
1021 1971 1152 2071 judicia
1171 2004 1235 2051 no·

124 2112 221 2178 strae
246 2100 372 2176 aetatis
397 2098 568 2199 loquendi
598 2126 699 2174 more
724 2100 986 2178 confirmantur.
1041 2105 1232 2210 Quidquid

125 2234 264 2310 scilieet
294 2231 525 2309 Grammatici
555 2241 725 2332 tanquam
755 2232 938 2336 inelegans
970 2234 1156 2331 damnant,
1193 2243 1229 2314 id

124 2376 248 2443 nostra
272 2364 442 2438 memoria
467 2364 561 2463 apud
585 2363 727 2464 plebem
741 2366 1013 2442 usitatissimum
1032 2380 1102 2460 est3
1127 2373 1233 2470 quid-

125 2497 214 2599 quid
237 2507 407 2595 tanquam
431 2521 560 2596 purum
585 2494 883 2598 emendatumque
901 2498 1157 2592 commendant,
1180 2501 1231 2594 id,

126 2630 159 2705 si
189 2653 286 2703 nunc
319 2653 464 2727 quoquc
494 2625 757 2728 frequentatur,
788 2629 915 2705 eodem
943 2635 1051 2709 modo
1081 2634 1125 2708 ab
1152 2634 1233 2715 aliis

124 2761 243 2863 iisque
267 2760 480 2837 subrustieis
505 2757 677 2860 loquendi
702 2764 904 2862 generibus,
920 2776 962 2842 nt
979 2766 1073 2868 apud
1088 2766 1234 2846 veteres

127 2892 367 2994 distinguitur.
415 2892 545 2967 Paucis
571 2892 743 2995 defungar
767 2896 948 2998 exemplis.
1003 2896 1128 2974 Verbo
1153 2926 1238 2999 χιο-

126 3024 253 3117 νίζειν,
279 3048 351 3124 quo
376 3023 582 3100 Herodotus
608 3052 695 3102 usus
721 3037 786 3118 est,
812 3029 893 3105 ideo
920 3031 1087 3107 videntur
1106 3031 1237 3110 lloren·

127 3157 176 3234 tis
200 3155 383 3232 Atticismi
413 3166 576 3233 auctores
607 3159 824 3237 abstinuisse
854 3189 895 3237 ac
926 3190 992 3264 pro
1024 3191 1068 3241 eo
1099 3166 1238 3245 dixisse

128 3287 259 3388 vipera,
285 3288 383 3390 quod
406 3289 493 3363 illud
512 3292 629 3368 minus
648 3305 838 3370 venustum
854 3296 1045 3374 videretur.
1094 3296 1236 3376 verum

128 3431 320 3524 postquam
334 3448 447 3522 purus
461 3421 521 3496 ille
529 3424 741 3504 Atticismus
747 3428 904 3525 jinteriit,
920 3429 1117 3532 Diogenem
1124 3430 1238 3507 Laer-

128 3554 218 3628 tinm
241 3552 338 3626 idem
361 3578 555 3656 usurpasse
578 3557 751 3636 videmus.
800 3558 918 3636 Hodie
942 3572 1061 3638 autem
1085 3561 1173 3635 nibil
1197 3565 1237 3637 in

129 3682 281 3759 Graecia
304 3684 471 3762 usitatius
496 3700 562 3780 est,
589 3718 695 3791 qnam
718 3691 884 3787 χιονίζει.
937 3689 1137 3770 Menander
1159 3699 1237 3795 pri-

130 3846 192 3916 ρος
216 3815 306 3893 dixit
328 3843 395 3917 pro
411 3819 553 3911 κύκλος
568 3823 790 3924 vituperatus
807 3824 888 3901 ideo
911 3823 1126 3926 Phrynicho.
1151 3823 1239 3903 Fuit

131 3948 227 4023 enim
250 3955 371 4053 νῦρος
394 3978 464 4028 vox
486 3955 603 4029 minus
624 3956 777 4059 elegans.
825 3956 966 4035 Pariter
980 3957 1089 4033 bodie
1108 3958 1240 4035 Graeci

129 4078 177 4155 de
210 4080 280 4158 boc
315 4083 489 4162 vocabulo
524 4085 691 4185 judicant.
739 4089 914 4191 Magnum
946 4092 1053 4194 hujus
1095 4094 1240 4195 generis

129 4213 371 4317 exemplorum
394 4240 581 4293 numerum
606 4245 651 4295 ex
674 4221 782 4299 variis
807 4222 1044 4324 scriptoribus
1069 4224 1128 4300 bic
1152 4252 1240 4303 con·
