2684 4740
117 403 239 470 Ranae
261 407 461 482 resciverunt
482 407 563 476 haec
584 430 679 496 nova,

116 539 229 601 venire
251 556 360 603 mures
382 551 552 607 contrata
574 565 646 610 cum
668 547 778 634 copiis,

117 665 208 733 Sine.
223 669 292 733 ulla
314 674 516 747 cunctatione
537 695 580 738 ex
601 694 684 758 aqua
705 680 864 755 exierunt,

116 811 150 863 et
171 802 208 864 in
229 798 335 864 iocum
358 814 478 868 certum
502 807 670 870 confestim
693 828 805 873 omnes
826 821 1077 889 convenerunt·

116 942 154 994 ut
177 944 409 1015 cognoscerent
431 955 571 1018 causam,
596 957 653 1021 our
673 940 736 1004 sibi
757 901 975 1005 irascerentur
996 900 1057 1004 illi.

117 1061 262 1153 Cunctae
284 1063 320 1127 in
342 1064 437 1130 dubio
460 1068 606 1147 fuerumt,
629 1079 761 1154 propter
782 1072 858 1151 quid
879 1072 942 1134 sibi
964 1070 1216 1136 inimicarentur.

119 1191 319 1256 Cadnceator
342 1195 483 1276 advenit,
504 1195 782 1276 Embmiehytnrs,

117 1321 324 1409 Tyrogiyphi
345 1322 443 1404 filius,
466 1325 520 1406 qni
541 1338 612 1390 erat
632 1326 742 1418 animo
763 1346 892 1422 magno.

116 1451 257 1536 Virgam
279 1464 393 1517 tenens
416 1465 577 1519 tornatam
599 1456 634 1520 in
655 1477 834 1525 munusue
855 1469 999 1541 utraque,

115 1584 214 1650 mnis
230 1585 565 1671 appropinquavitpet
586 1590 674 1679 venit
697 1588 738 1652 ad
760 1609 816 1667 eas
837 1610 945 1677 prope.
1032 1664 1034 1668 ¹

115 1713 207 1785 Dicit
228 1715 291 1779 eis:
314 1711 440 1787 Scitote
463 1727 595 1781 cunetae
616 1738 674 1782 vos
694 1737 812 1799 ranae3

115 1866 223 1910 mures
245 1857 321 1909 sunt
342 1847 429 1928 irati,
452 1857 486 1910 et
504 1848 628 1914 iaciunt
649 1850 740 1917 vobis
760 1848 889 1916 bellum
961 1923 965 1929 ¹
1014 1902 1017 1908 .
1112 1925 1116 1932 .

116 1978 173 2041 Me
194 1978 361 2059 miserunt,
384 1990 420 2070 ut
442 1942 531 2045 vobis
551 1943 699 2058 dicerem·
713 1981 849 2070 diserta

115 2121 152 2173 ut
172 2110 265 2174 iretis
287 2109 330 2173 ad
350 2119 507 2189 armm'et
529 2111 689 2196 caperetis
710 2109 864 2187 iunceus

116 2242 193 2322 quia
214 2239 396 2312 didicerunt
417 2259 455 2302 ac
476 2239 635 2319 viderunt,
657 2240 1003 2323 injusteintercmtum

118 2370 211 2433 illum
233 2365 496 2455 Psicharpagem‚
520 2368 673 2461 (nempe)
696 2371 793 2452 aquis
810 2371 1012 2451 suffocatum,

117 2521 211 2584 quem
232 2501 342 2565 nocuit
362 2520 420 2586 per
441 2500 613 2583 malitiam,
635 2502 723 2567 velut
743 2504 807 2584 sur,
841 2496 844 2500 ⁴

117 2644 221 2697 vester
241 2653 312 2730 rex,
333 2629 579 2716 Physignathus
600 2632 748 2695 mendax.

116 2765 170 2827 Ne
192 2763 449 2846 igitur-cessate,
470 2761 507 2822 in
529 2760 600 2821 acie
622 2778 679 2820 vos
701 2757 868 2820 collocare.
892 2765 897 2773 '

117 2895 195 2958 Non
207 2892 308 2957 habeo
321 2889 410 2954 aliud
421 2889 538 2970 dicere,
550 2900 583 2966 et
594 2887 741 2971 relinquo
754 2883 1086 2966 vobissauitatern.(11.
1094 2895 1214 2949 eatre-

117 3025 228 3090 Verba
249 3023 331 3087 haec
352 3017 522 3086 turbarunt
543 3039 696 3085 ranarum
718 3023 854 3100 arrimos‚
928 3019 1009 3099 [lere
1030 3039 1087 3082 vos
1103 3017 1215 3102 jubeo)

117 3154 380 3254 Physignathum
403 3156 604 3234 incusabant,
627 3164 661 3216 et
682 3152 957 3240 reprehendebant
977 3149 1133 3233 singulae.

117 3291 180 3354 Ille
202 3306 282 3351 vero·
299 3289 359 3351 ait:
381 3287 458 3348 Non
479 3306 549 3364 sum
572 3307 632 3371 ego
654 3286 690 3348 in
713 3307 821 3364 causo,

119 3434 156 3485 ut
179 3417 381 3504 Psicharpax
402 3419 549 3503 perierit3
571 3437 673 3498 neque
696 3419 925 3482 viintroduxi.
968 3487 971 3493 ¹

119 3555 243 3616 Natare
265 3553 334 3637 ipse
356 3545 526 3632 aggressus
549 3561 610 3627 est,
631 3559 667 3612 ut
687 3550 745 3630 ito,
767 3550 850 3613 sicut
871 3569 930 3615 nos
952 3555 1089 3608 nataret.
1167 3597 1170 3602 .

1174 3621 1190 3654 ⁸

120 3685 218 3749 Nunc
240 3683 345 3766 (ergo)
367 3680 535 3744 multitudo
548 3682 695 3744 vmnrium
717 3701 814 3762 quare
836 3700 887 3743 me
909 3677 1088 3764 vituperati

120 3817 193 3900 Ego
214 3836 281 3878 non
303 3813 422 3884 offendi
443 3833 499 3874 eos
520 3812 556 3890 in
577 3779 643 3876 uilo
665 3832 710 3875 re,

123 3946 194 4013 Sed
214 3967 275 4030 age
296 3948 441 4008 ineamus
464 3943 643 4025 consilium,
665 3957 701 4008 ut
724 3960 953 4026 congregemur
975 3959 1051 4017 una,

124 4079 329 4143 inveniamus
351 4095 442 4140 arma
463 4074 609 4162 pulchra,
633 4093 743 4139 omnes
766 4093 935 4153 armemur,

126 4211 209 4275 ioris
232 4210 272 4274 ad
294 4209 399 4296 ripam
422 4217 556 4272 cunctae
577 4208 782 4294 reperiamur.
