2684 4740
1173 205 1217 275 lt

115 409 190 462 erat
212 389 264 474 νὰ,
286 399 343 462 sed
365 419 463 481 quum
490 408 627 483 cognata
650 399 795 463 vocabuli
812 389 878 458 ἀνά
892 397 1088 482 significatio
1104 400 1219 486 populo

116 523 353 616 obversaretur2
367 525 496 602 omissa,
519 533 554 585 ut
568 543 664 607 saepe
679 523 808 602 tactum,
827 524 936 608 priore
952 522 1054 586 vocali
1071 545 1109 584 eo
1127 523 1220 585 modo

115 656 306 730 usurpatum
329 656 378 706 est
399 637 453 725 uei,
475 664 537 727 quo
560 647 741 731 superiores
765 644 906 707 vocalem
925 646 960 706 in
976 647 1065 706 exitu
1080 646 1220 730 positam

115 767 316 849 abjicientes,
333 767 482 830 dixerant
496 753 546 827 ἅν.
577 767 735 853 Exempla
750 767 820 830 vide
834 788 887 852 ap.
897 766 1039 829 Coraem
1048 759 1166 828 ’Ar-‘aaa
1178 768 1219 834 ll.

116 885 193 952 256.
238 887 330 952 Raro
352 911 410 974 pro
432 879 478 949 3η
499 891 665 975 accipitur,
690 891 757 952 sive
779 891 845 952 ista
866 887 1024 975 particula
1043 891 1220 975 narrantis,

116 1021 151 1073 et
174 1011 409 1090 contendentis,
432 1013 499 1075 sive
521 1031 651 1074 oausam
679 1023 712 1072 et
733 1013 894 1074 rationem
923 1010 1087 1072 afferentis
1111 1022 1168 1074 est.
1193 1032 1221 1076 v.

117 1153 147 1194 c.
171 1124 315 1208 φαίνεται
336 1125 383 1192 uui
406 1120 507 1202 duona
528 1124 638 1192 aona.
664 1131 713 1193 Cl.
736 1129 896 1215 Paraphra
919 1151 1000 1191 vers.
1024 1128 1223 1196 liubani-

117 1273 182 1335 que
205 1254 243 1315 de
266 1252 438 1337 temporali
458 1253 548 1315 vocis
569 1263 728 1336 potestate
752 1253 790 1313 cl.
815 1250 953 1315 Coram
973 1250 999 1313 l..
1013 1251 1033 1314 l.
1057 1271 1130 1337 pag.
1150 1251 1223 1317 257.

254 1366 369 1443 riuorec
381 1392 557 1460 pronomen
568 1372 771 1436 indefinitum
782 1369 926 1455 aliquid,
934 1371 1121 1458 qrtidpr‘om,
1129 1372 1223 1461 quid.

118 1514 235 1581 quanin,
254 1495 420 1576 quodcum
443 1496 615 1578 negatione
636 1485 691 1555 oie
713 1500 918 1580 conjunctum
941 1496 1107 1579 siguificat
1127 1495 1223 1560 nibil.

117 1617 225 1681 Hodie
242 1616 358 1680 Graeci
380 1612 490 1681 dicunt
512 1609 621 1693 τίποτε,
644 1638 833 1700 quamquam
856 1617 971 1702 vulgus
993 1621 1113 1684 lormas
1135 1622 1221 1685 Aeo-

112 1740 201 1809 licas
223 1731 331 1798 riuora
359 1752 392 1802 et
414 1732 594 1808 clamecin
617 1739 852 1819 antiquioribus
875 1744 1092 1804 monumentis
1116 1744 1225 1809 obvius

118 1860 227 1925 adhuc
249 1855 366 1925 servat.
412 1861 462 1924 Cl.
487 1860 561 1924 Cor.
585 1861 626 1923 ad
648 1858 761 1922 Ptoch.
785 1881 859 1946 pag.
878 1858 953 1924 til.
999 1861 1103 1926 Locos
1119 1884 1160 1925 ex
1176 1885 1226 1926 ve-

118 1985 306 2046 tustioribus
328 1985 538 2069 scriptoribus
560 1982 678 2046 allatos
695 1983 767 2045 vide
783 2003 835 2069 ap.
854 1982 1002 2066 Ducang.
1023 1985 1128 2048 Gloss.
1144 1986 1225 2048 med.

118 2117 153 2169 et
175 2107 232 2168 inl.
258 2105 313 2166 Gr.
337 2105 428 2169 Tom.
451 2104 496 2167 Il.
520 2124 550 2189 p.
577 2100 674 2166 1572·

253 2216 366 2340 βιβλιὲ
383 2245 442 2310 pro
472 2217 601 2303 βιβλίον.
651 2224 779 2288 Etenim
810 2227 847 2288 in
875 2227 1053 2290 recentiore
1080 2247 1229 2293 sermone

118 2368 191 2413 non
213 2346 318 2409 solum
340 2368 360 2404 v
380 2346 646 2410 Accusatiuorum
675 2349 759 2430 sing.
789 2349 914 2432 primae
941 2359 974 2411 et
997 2353 1110 2415 tertiae
1133 2351 1228 2415 decli-

117 2469 265 2533 nationis
294 2468 382 2533 salva
409 2470 572 2533 sententia
600 2474 712 2534 abesse
740 2482 861 2556 potest,
891 2473 939 2535 ita
967 2484 1003 2535 ut
1026 2473 1153 2538 dicatur
1174 2468 1229 2548 ruia

118 2588 232 2673 μοῢοά
254 2613 313 2678 pro
335 2588 475 2671 μοῦσαν,
497 2583 574 2671 χάρι
597 2613 656 2676 pro
678 2578 786 2668 χάριν,
809 2593 865 2653 sed
887 2595 986 2654 etium
1006 2615 1026 2651 u
1040 2599 1163 2658 neutris
1180 2618 1228 2660 se·

119 2715 247 2779 eundae
270 2713 497 2788 declinationis
520 2713 556 2772 in
578 2732 616 2768 ou
637 2711 856 2771 desinentibus
878 2713 914 2771 in
931 2713 1148 2793 Nominativo‚
1166 2717 1229 2778 Ac-

120 2836 268 2901 cusativo
292 2845 325 2895 et
346 2831 507 2894 Vocativo
531 2830 708 2914 singularis
738 2832 865 2895 numeri
887 2833 1069 2914 frequenter
1091 2854 1112 2898 a
1134 2835 1230 2920 vulgo

119 2957 273 3023 demitur.
318 2955 430 3036 Neque
453 2965 559 3017 mmen
581 2953 758 3039 putandum
781 2965 840 3033 est,
863 2953 925 3019 hoo
946 2956 1043 3043 plane
1060 2960 1229 3023 barbarum

119 3103 205 3159 esse,
229 3079 385 3160 siquidem
402 3080 473 3161 jaim
495 3087 617 3140 veteres
639 3075 702 3140 hac
724 3078 850 3140 ratione
879 3070 967 3160 αὐτό,
996 3078 1095 3157 codro,
1118 3076 1228 3159 ἐκεῖνο,

120 3191 213 3264 dibu„
231 3202 390 3264 dixerunt.
447 3199 523 3262 Jam
555 3220 630 3262 vero
664 3198 748 3262 nihil
782 3202 931 3264 usitatius
964 3203 1001 3264 in
1029 3202 1155 3286 vulgari
1183 3203 1228 3266 lo·

121 3325 242 3408 quendi
264 3343 391 3406 genere,
415 3343 510 3403 quam
531 3322 666 3386 duorum
688 3342 841 3385 sonorum
863 3325 905 3387 ad
921 3323 1068 3386 diversas
1085 3323 1229 3403 syllabas

121 3446 354 3533 pertinentium
376 3445 570 3528 coriJ'unctio‚
594 3465 656 3525 qua
679 3444 727 3524 fit,
750 3456 786 3507 ut
807 3465 866 3529 pro
890 3446 1011 3508 duabus
1027 3463 1091 3506 rrrra
1106 3444 1150 3507 sit
1165 3445 1229 3527 syl-

122 3568 208 3630 laba.
253 3566 376 3628 Horum
400 3585 554 3628 sonorum
575 3566 659 3628 alter
682 3568 863 3630 necessario
887 3567 991 3628 exiis
1014 3577 1073 3646 est,
1097 3567 1229 3648 qui-aut

122 3701 161 3754 ut
182 3684 212 3767 ἰ,
236 3699 290 3750 aut
320 3699 356 3750 ut
378 3705 397 3749 e
420 3687 556 3749 aliarum
584 3688 767 3770 linguarum
795 3688 1055 3774 pronuntiantur.
1108 3690 1230 3776 Priori-

121 3815 183 3878 bus
210 3820 339 3896 praeter
366 3811 470 3893 ipsum
494 3803 570 3866 Zaira
598 3810 802 3873 adnumerari
829 3833 858 3884 η,
881 3830 918 3884 ει,
941 3832 979 3888 οι,
1002 3833 1039 3886 υ,
1062 3813 1097 3874 in
1125 3803 1236 3896 poste·>
1328 3805 1333 3809 ⁵

121 3934 264 3998 rioribus
287 3941 394 3994 autem
417 3953 431 3987 ε
454 3938 486 3993 ei
509 3951 543 3987 αι
565 3951 633 3993 esse
656 3934 737 3995 satis
760 3942 895 3994 constat.
946 3931 1019 3996 Duo
1043 3935 1121 4013 ista,
1150 3955 1230 4015 quaa

122 4054 386 4129 commemoravi,
399 4073 553 4115 sonorum
575 4073 695 4134 genera
717 4055 764 4117 ita
779 4062 859 4114 ‘eum
881 4057 1025 4134 sequenti
1047 4057 1151 4119 vocali
1173 4076 1244 4152 per·

121 4176 293 4261 synizesin
316 4177 352 4240 in
374 4195 471 4239 unam
494 4174 653 4254 syllabam
677 4175 854 4239 coalescere
877 4189 1027 4257 possunt,
1056 4187 1091 4239 ut
1121 4177 1230 4241 eodem
