2684 4740
1148 216 1217 287 157

100 408 167 473 rel
189 409 305 473 aoristi
326 426 467 495 persona
489 406 700 495 praecedente
722 390 767 466 noi
789 406 970 491 eligeretur,
993 427 1074 489 qnae
1089 422 1216 475 senten-

113 533 181 596 tiae
204 531 460 597 conformatione
483 532 760 614 1·equireretur‚‘v.
775 540 811 594 'a
834 525 920 602 &aito
942 521 985 590 νὰ
1005 520 1101 612 φάν.)
1116 530 1217 597 edere

113 643 373 735 volmrrootra'dw
394 642 438 712 ml
458 642 566 735 πάγης
581 650 683 741 jubeo
705 662 740 719 te
761 651 869 719 abire.
914 652 982 719 Sed
1003 658 1130 736 quando
1145 658 1217 739 quis

115 778 278 842 infinitivo
301 778 353 869 ita¹
373 777 522 841 universe
544 779 656 861 utitur,
678 790 717 841 nt¹
735 798 802 842 non
815 780 912 842 eertis
924 776 1215 844 hominihusaotio-

115 920 193 963 nem
215 900 267 963 vel
288 911 404 963 statum
429 900 570 984 aliquem
591 903 729 981 tribuat,
758 901 875 964 sedda
902 899 965 963 hae
988 902 1059 987 ipsa
1090 904 1218 966 actione

114 1023 168 1089 vel
196 1024 235 1087 de
263 1022 325 1087 hoo
352 1034 438 1087 statu
465 1022 566 1087 solius
593 1024 684 1086 ideae
713 1035 747 1086 et
773 1024 934 1103 notionis,
967 1043 1046 1103 quae
1069 1026 1099 1087 ei
1121 1026 1218 1097 inest,

115 1144 231 1210 hahita
252 1147 377 1209 ratione
399 1158 487 1229 agat,
508 1158 577 1209 tum
597 1145 713 1208 Graeci
736 1147 865 1210 tertiam
886 1165 1056 1232 personam
1078 1148 1220 1231 singala-

118 1268 168 1329 ris
192 1266 397 1349 Conjunetivi
419 1268 627 1330 antecedente
649 1256 692 1326 rol
712 1268 763 1331 vel
784 1259 818 1327 mi
839 1259 897 1346 νὰ,
930 1282 1081 1350 sequente
1103 1288 1219 1355 prono-

117 1389 208 1451 mine
236 1408 281 1458 ra,-
307 1387 356 1451 vel
383 1388 451 1452 alio
479 1392 626 1476 quopiam
654 1392 845 1477 pronomine
872 1390 1041 1454 indefinito
1065 1413 1220 1478 usurpare

117 1522 309 1597 eoepemnt3
331 1533 359 1573 e.
381 1533 407 1573 o.
430 1501 465 1571 ai
488 1502 531 1571 voi
552 1505 671 1593 ἀγαπᾷ
691 1536 736 1583 τις
755 1504 812 1589 τὴν
832 1505 953 1593 σοφίαν
966 1500 1047 1573 εἶναι
1063 1500 1153 1591 ἄξιον
1167 1513 1220 1590 τῆς

117 1624 318 1715 ἀνθρωπίνης
344 1621 469 1711 φύσεως
496 1632 702 1722 sapientiam
733 1633 878 1722 diligere
903 1633 1041 1723 dignum
1073 1648 1124 1701 est
1162 1636 1218 1703 hu-

117 1776 228 1823 mana
254 1763 395 1819 raetiam.
446 1757 494 1819 At
521 1776 617 1836 quum
645 1769 769 1819 veteres
791 1759 1017 1828 interamnae
1040 1762 1219 1841 omiserint,

118 1903 147 1945 v.
169 1902 196 1944 o.
221 1881 258 1943 in
278 1847 426 1964 ixanplo
449 1880 488 1941 ab
511 1876 698 1942 Hermanno
713 1868 819 1943 'allato
841 1881 877 1941 in
897 1880 984 1943 Diss.
1007 1880 1045 1943 tle
1068 1881 1172 1968 ellips.
1188 1893 1224 1965 ot

116 2004 294 2093 pleonasm.
319 2002 437 2089 Opuse.
460 2001 552 2065 Tam.
574 2000 592 2065 I
613 2022 645 2086 p.
670 1999 755 2065 154:

523 2110 627 2206 ἄνδρα
648 2117 676 2185 δ’
698 2117 828 2202 ὠφελεῖν
847 2115 902 2201 ἀφ’
926 2108 971 2183 ὧν

400 2236 470 2322 ἔχοι
491 2269 523 2308 νε
544 2238 601 2308 καὶ
622 2238 762 2323 δύναιτο,
781 2236 948 2318 κάλλιστος
969 2238 1073 2308 πόνων

119 2374 205 2461 qnod
227 2375 275 2437 ita
297 2368 485 2458 capiendum
501 2381 561 2452 est,
577 2392 616 2435 ao
636 2372 667 2435 si
689 2372 843 2456 seriptum
858 2383 943 2435 esset
963 2364 1018 2451 ἀφ’
1034 2358 1080 2431 ὧν
1094 2392 1139 2443 νς
1153 2360 1223 2447 ἔχοι

117 2490 179 2561 omi
199 2462 339 2573 δῦνννο,
359 2495 591 2559 recentioribus
604 2513 726 2576 qnoque
741 2493 865 2558 licitum
880 2496 949 2573 init,
966 2496 1134 2593 brevitatis
1149 2517 1223 2581 gra-

120 2623 171 2687 tla
194 2621 342 2687 omittere
363 2640 407 2688 ru,-
429 2629 503 2704 post
526 2618 777 2699 conjunctivum,
805 2618 861 2678 nbi
887 2618 917 2678 is
945 2615 1222 2690 antecedentem?-

100 2710 168 2805 M
189 2743 241 2831 vel
261 2729 335 2815 εἶχεν
357 2739 512 2805 infinitivi
534 2740 603 2803 vioe
625 2738 786 2821 fungitur3
803 2756 905 2819 neque
927 2741 1034 2801 minus
1051 2744 1141 2822 justa
1164 2742 1224 2806 luit
1301 2806 1308 2814 ,

120 2865 363 2957 praetermissio
384 2863 568 2927 vocularum
588 2850 624 2922 τὸ
645 2852 690 2920 vot
710 2858 761 2925 vel
781 2859 939 2946 simplicis
952 2852 1012 2938 ool,
1033 2864 1224 2947 praesertim

124 2989 203 3071 qnia
223 2989 270 3051 sio
289 2989 416 3051 demum
438 2988 606 3050 verborum
627 2980 740 3049 sensns
762 2984 893 3066 antiquo
910 2984 1071 3079 infinitivo
1085 2986 1225 3051 similior

121 3110 231 3178 evadit
249 3120 283 3175 et
303 3111 360 3175 ille
383 3111 605 3194 eonjunotitius
626 3128 700 3173 vere
722 3116 790 3171 tum
813 3109 1039 3193 impersonalia
1068 3110 1120 3187 fit,
1149 3130 1224 3193 qna.

121 3236 167 3301 lis
188 3232 315 3318 quando
338 3232 489 3315 adjicitur
509 3250 564 3311 ne,
586 3230 700 3295 haberi
720 3249 786 3294 non
807 3240 921 3316 potest.
950 3228 1114 3294 Differam
1126 3234 1226 3299 etiam

122 3360 213 3423 inter
234 3376 306 3419 sese
329 3346 415 3423 ἓέλει
435 3346 480 3415 vrit
499 3345 646 3434 τελειώσῃ
660 3363 694 3418 et
708 3346 795 3424 βέλει
808 3341 971 3432 τελειώσῃ,
988 3370 1121 3433 quorum
1134 3356 1225 3439 prinu

80 3442 83 3449 Ι
123 3493 176 3547 est
195 3476 267 3545 erait
286 3472 470 3565 perficere,
492 3496 530 3541 er
551 3470 623 3538 wilt
649 3471 845 3551 vollenden,
872 3473 1033 3562 posterius
1056 3468 1227 3561 perficiet,

122 3626 163 3681 er
184 3599 273 3667 ννίινὶ
293 3596 479 3667 volienden.
527 3598 752 3665 Germanicam
767 3598 1066 3684 interpretationem
1079 3597 1226 3682 adjunxi,

122 3741 297 3817 propterea
329 3725 412 3806 quod
440 3725 634 3789 Germanica
665 3700 771 3787 iutnri'
796 3718 996 3807 periphrasis
1030 3719 1228 3787 infinitivum

120 3852 282 3931 eontinet,
304 3866 396 3929 quem
418 3866 460 3911 ne
481 3850 552 3930 quis
575 3867 646 3939 meo
668 3855 859 3931 argumento
880 3845 1033 3910 adversas
1046 3864 1098 3908 me
1108 3854 1227 3927 matur,

122 3976 180 4044 irie
202 3971 341 4063 exprimi
364 3973 537 4057 oportebat
583 3971 689 4038 Porro
717 3969 827 4055 quaeri
854 3977 978 4055 potesta
1009 3968 1085 4053 quid
1112 3988 1228 4035 arurae
