2684 4740
1175 203 1227 256 ΠΙ

120 373 291 475 antiquus
317 352 542 452 Graecorum·
560 396 680 449 sonno
703 372 1024 476 consignatus'est
1049 371 1114 449 sed
1130 373 1224 451 baud

121 509 247 609 exigua
272 508 479 598 verborum,
508 504 820 607 significationum,
852 514 1109 583 structurarum
1139 532 1222 607 pars

121 669 203 715 cum
227 639 298 714 illis
324 639 385 739 qn'i
408 664 481 712 non
505 638 656 738 amptius
682 649 825 714 exstant
848 637 1082 738 seripturibus
1104 639 1221 740 periit.
1303 646 1327 727 ’,

121 772 199 870 Qui
224 771 509 846 etiamsi'ornnes
535 780 780 871 superessent,
804 795 877 844 non
900 780 1020 844 tamen
1044 770 1150 845 nobis
1166 779 1223 844 to·

117 913 192 978 tam
218 903 274 978 sui
298 902 376 978 aevi
401 903 620 978 Graecorum
639 902 799 1004 ,tinguant
824 911 1039 978 servassent„
1075 899 1221 976 Etenim
1307 966 1311 973 .

117 1036 229 1110 multa
249 1035 426 1126 ¹dicimus,
463 1035 614 1109 maxime
644 1035 683 1109 in
713 1033 874 1108 familiari
903 1056 1084 1142 sermone,
1117 1058 1221 1132 quae,

119 1168 202 1267 quia
223 1169 346 1242 'minus
371 1167 505 1241 urbana
528 1167 710 1252 videntur,
735 1166 870 1264 s'cripto
896 1164 1062 1237 mandare
1086 1163 1224 1237 dubita·-

121 1324 219 1372 mus.-
269 1300 320 1371 At
343 1296 408 1370 ubi
428 1306 527 1369 tanta
552 1295 752 1370 labentibus
777 1294 926 1369 saeculis
945 1295 1061 1371 varias
1079 1295 1125 1368 ob
1141 1314 1223 1369 oau'·

120 1454 180 1502 sas
205 1428 355 1533 linguae
371 1427 556 1504 conversio
581 1427 674 1500 facta
699 1437 766 1517 est,
791 1437 834 1501 ut
856 1437 945 1527 post
962 1427 1143 1529 ingentem
1159 1452 1221 1504 vo·

118 1560 336 1651 cabalorum,
359 1559 551 1661 phrasium,
576 1559 768 1645 formarum
791 1562 963 1659 jacturam
988 1585 1053 1633 eae
1074 1559 1221 1660 potissi-

116 1719 214 1766 mum
239 1717 348 1771 voces
379 1691 622 1792 loquendique
641 1692 817 1765 formulae
846 1691 993 1766 relictae
1022 1690 1126 1779 sint3=
1144 1691 1222 1792 qoi-

117 1826 204 1912 bus,
228 1833 269 1915 ut
288 1774 567 1921 'inaebegantibus2
599 1821 736 1921 antiqui
752 1822 902 1922 parcius
928 1824 1134 1912 utebantur,
1163 1822 1222 1899 vot

116 1958 267 2058 prorsus
293 1952 530 2041 abstinebant,
552 1956 626 2053 jam
650 1952 900 2035 nominasolim
924 1953 1091 2053 jocularia
1112 1953 1221 2029 rebus

118 2087 222 2173 seriis
247 2094 422 2186 aptantur,
447 2087 527 2185 jam'
542 2084 681 2185 plebeia
711 2096 748 2159 st
777 2084 835 2159 ex¹
852 2085 967 2160 triviis
1001 2094 1141 2191 arrepta
1170 2084 1222 2159 to-

118 2217 259 2317 quendi,
280 2242 409 2316 genera
434 2217 543 2293 rebus
570 2214 692 2290 saeris.
706 2215 930 2304 adhibentur,
954 2216 1136 2313 §ammira
1161 2240 1222 2293 aa·

119 2347 220 2422 dacia
245 2372 359 2422 novae
383 2345 632 2448 procuduntur
654 2348 773 2436 voces,
796 2348 867 2448 jam
893 2344 1049 2448 denipoe
1076 2347 1221 2422 barbara

116 2477 288 2556 voeabula
312 2479 642 2555 non-fastidiuntur
662 2477 934 2581 periculumque
959 2486 1025 2571 est,
1051 2506 1097 2558 ne
1121 2480 1221 2580 peni·

117 2623 177 2687 tus
202 2611 354 2687 intereat
376 2613 505 2715 lingua.
556 2611 660 2712 Quae
687 2610 802 2712 quum
827 2612 876 2685 ita
901 2612 990 2702 sint,
1018 2636 1127 2686 nemo
1155 2609 1220 2685 du·

114 2744 262 2830 bitabit,=
284 2744 372 2839 quin
397 2742 430 2815 si
454 2743 535 2840 quis
550 2741 672 2814 ’libros
695 2741 890 2839 pervotvat,
909 2741 953 2812 'in
978 2743 1108 2838 quibus
1133 2743 1220 2816 bane

117 2872 271 2947 labentis
293 2871 436 2973 linguae
454 2868 618 2945 vconditio
642 2881 798 2972 apparet,
823 2869 907 2945 inde
932 2880 1062 2944 mente'
1076 2872 1220 2971 assequi

117 3004 248 3107 possit
270 3004 384 3105 qualis
409 3003 964 3107 apud:antiquosvuigiioqaeba
980 3002 1094 3078 suerit.
1131 3002 1219 3079 Pro-

118 3138 341 3212 derit‘etiam
361 3136 424 3211 -voi
449 3152 527 3211 etan
557 3136 604 3211 ob
619 3150 780 3212 musam
817 3136 924 3236 b‘ujus
957 3135 1098 3237 generis
1132 3136 1218 3210 scri·

116 3281 179 3371 pta
202 3268 317 3344 mutto
340 3295 408 3344 usn
432 3268 586 3359 trivisse,
613 3269 711 3369 quod
733 3268 893 3370 plurima-
908 3269 1073 3343 offerunt·
1094 3267 1217 3342 sotter·¹

116 3402 275 3477 tissimae
314 3402 550 3478 vetustiorum
593 3411 784 3476 auctorum.
811 3401 1020 3474 irritationis
1056 3397 1217 3499 vestigia.

115 3535 175 3610 Ex
198 3533 426 3608 hae'seili'eet
449 3533 645 3608 imitatione
675 3533 852 3634 duplicem
871 3530 1092 3634 percipimus
1122 3529 1217 3604 utili·

116 3676 236 3745 tatem.
279 3663 371 3738 Una
395 3674 461 3754 est,
486 3666 592 3764 quod,
618 3691 727 3765 quum
745 3666 844 3739 color
863 3662 1215 3763 antiquitatis-quan·

116 3796 247 3875 tumvis
272 3794 496 3873 venerandus
521 3807 558 3871 et
582 3805 728 3871 sanctus
752 3796 790 3869 in
813 3792 1216 3896 iis-potissimumscri-

116 3930 292 4031 latoribus,¹
313 3929 377 4028 qui
401 3929 590 4004 verboram
614 3952 762 4002 nurnero
779 3927 838 4004 vix
853 3927 1109 4002 sententiarum
1126 3949 1215 4026 pon·

78 4123 80 4126 .
118 4062 185 4147 dus
211 4070 381 4159 aequant,
405 4057 464 4135 vel
480 4059 864 4160 quizgranditpooticae
879 4058 1109 4151 sublimitatis
1123 4062 1218 4131 sobo

121 4194 227 4290 animi
252 4210 359 4271 sensa
384 4189 572 4289 macarius
597 4190 812 4291 significant,
825 4236 831 4251 ι
844 4215 949 4289 quam
981 4188 1123 4263 elarius·
1142 4181 1215 4254 alo·
