2684 4740
120 208 157 257 Vi

10 416 13 427 ·
124 368 191 447 b'ac
214 334 261 446 ad
284 368 533 470 intelligendas
558 367 797 469 posteriorum
821 378 1032 469 temporum,
1060 370 1232 468 quamdiu

124 503 200 592 suit,
226 501 441 577 mutationes
472 512 620 577 utamur.
676 499 800 601 Quum
830 511 948 577 autem
978 502 1056 601 ipsa
1088 502 1144 574 ilia
1171 503 1236 575 lux

125 634 221 708 haud
251 659 331 708 raro
362 633 460 710 velut
496 634 599 709 stella
636 632 791 706 nubibus
830 642 995 707 contecta
1032 645 1234 723 evanescat,

126 765 280 864 ideoque
305 765 372 843 alia
398 791 488 865 opus
514 764 682 860 sitione,
712 788 759 836 ne
791 764 904 866 caligo
939 761 1085 853 oriatur,
1122 766 1235 840 multu
1276 751 1280 755 ’

37 938 39 943 >
127 896 233 970 etiam
259 895 303 969 ad
328 893 488 969 florentis
513 895 653 996 liuguae
678 904 811 969 statum
828 896 1114 998 perspiciendum
1132 925 1236 998 prae-

127 1026 216 1101 sidia
248 1028 292 1100 ab
322 1027 367 1100 iis
400 1028 621 1126 temporibus
653 1027 728 1127 peti
760 1037 911 1125 queunt,
950 1030 1079 1128 quibus
1114 1056 1235 1103 serino

125 1158 191 1263 ilie
209 1160 279 1256 jam
304 1157 350 1231 ad
374 1156 556 1232 interitum
581 1130 728 1258 vergere
753 1158 811 1234 vel
836 1169 969 1232 mutata
994 1160 1105 1260 figura
1131 1162 1235 1259 qnasi

16 1380 24 1389 .
127 1298 212 1388 post
236 1287 307 1362 sata
331 1288 547 1363 ccviiiscere
572 1270 700 1389 coepit
739 1284 855 1387 ¹Quae
875 1268 1006 1366 sivero
1025 1303 1118 1381 sunt,
1136 1295 1237 1366 subit

127 1419 289 1521 proiecto
314 1419 442 1509 mirari,
469 1446 532 1493 cur
556 1419 641 1492 licet
664 1417 766 1495 multi
788 1418 1019 1520 reperiantur,
1039 1425 1153 1522 quiin
1171 1424 1238 1495 inr-

128 1548 337 1625 mortalibus
363 1552 530 1650 antiquae
554 1529 727 1624 Graeciae
745 1554 983 1627 monumentis
1008 1565 1239 1653 perscrutan-

127 1681 185 1757 dis
210 1706 354 1782 operam
379 1692 488 1782 atque
513 1672 724 1754 industriam
755 1676 947 1774 coi-locent,
979 1687 1082 1785 pauci
1113 1692 1235 1759 tamen

127 1812 201 1888 sint
225 1814 282 1890 vel
313 1839 355 1887 ea
378 1804 710 1910 ibbonis‘patientia·
728 1804 900 1910 praediti·
920 1810 979 1888 vei
1009 1817 1082 1890 veri
1114 1817 1237 1890 studio

125 1942 174 2019 ita
199 1939 466 2042 flagranteb,'=ut
489 1952 633 2048 praeter
656 1942 1083 2042 admirabiliapoetarum
1111 1957 1148 2019 et
1172 1977 1238 2047 pc-

126 2075 258 2151 dcstris
285 2072 456 2150 oratiobis
482 2077 846 2176 scriptorum‘opcra,
867 2074 914 2148 iri
941 2066 1070 2176 quibus
1101 2077 1235 2153 liberae

124 2204 299 2283 Graeciae
324 2202 409 2283 aura
435 2217 472 2282 et
488 2196 652 2308 spiritus
671 2226 740 2282 nos
764 2203 870 2297 asflat,
896 2234 937 2281 ea
962 2235 1108 2309 quoque
1133 2234 1233 2310 prae-

90 2366 94 2371 ·
127 2340 295 2415 stantium
335 2339 559 2440 ingeniorum
592 2332 727 2436 scripta
763 2339 906 2437 legant‚·
941 2367 1032 2438 quae
1069 2342 1235 2425 citeriora

81 2545 83 2553 ,
126 2471 266 2545 saecula
292 2481 330 2545 et
354 2480 477 2544 nostra
509 2460 615 2541 ctiam
631 2469 812 2539 memoria
842 2462 937 2565 apud
967 2467 1126 2542 Graecos·
1153 2497 1236 2569 pro-

124 2596 295 2677 tulerunt.
343 2601 417 2676 Est
433 2599 575 2699 quidem
591 2597 791 2696 iucundius
806 2597 1136 2698 libroseioquentia
1155 2629 1235 2678 ver-

125 2731 325 2834 borumque
350 2730 541 2808 luminibus
573 2722 952 2807 commendabiles-vel
978 2714 1139 2832 poeticae
1164 2735 1235 2810 vir-

125 2865 220 2940 tutis·
240 2864 345 2938 laude
375 2856 675 2965 insignesmanu
704 2864 1134 2962 versare,-quan1alios‚
1170 2868 1232 2963 qui

126 2995 244 3068 minus
270 2996 446 3069 sermonis
464 2989 594 3069 'nitore
614 2994 812 3094 conspicui·
835 2986 936 3082 sunt,
962 2997 1170 3097 praesertim
1198 2997 1231 3070 si

124 3125 289 3216 suemus,
300 3125 337 3198 in
349 3126 406 3202 his
414 3122 522 3200 multa
535 3125 886 3226 inveniridepravata
901 3127 1132 3228 etquaeiniis
1147 3129 1233 3200 erni-

123 3266 232 3332 neant
243 3254 550 3360 magnampartcm
563 3252 732 3333 imitando
745 3260 1136 3360 esseexpressa,inillis
1146 3278 1231 3335 uero

124 3389 243 3464 omnia
251 3390 365 3467 felicis
379 3401 526 3465 naturae
541 3401 577 3465 et
588 3391 797 3468 excellentis·
803 3393 936 3495 ingenii
944 3394 979 3467 vi
987 3384 1130 3466 inventa
1138 3416 1230 3481 esse,

124 3518 175 3597 ita
190 3531 241 3594 ut
267 3532 411 3595 aeterna
437 3522 512 3596 sinb
537 3515 710 3622 exempla·
731 3524 769 3597 in
796 3550 888 3625 quae
912 3516 1093 3599 universa
1109 3532 1231 3623 poste-

120 3650 213 3724 ritas
247 3651 376 3725 debeat
397 3650 549 3727 intueri
602 3654 923 3739 Verumenimrero
957 3676 1080 3727 manca
1112 3664 1231 3729 estet

71 3838 77 3846 .
124 3781 332 3883 imperfecta
355 3783 498 3886 linguae
525 3804 671 3886 graecae
697 3780 861 3876 scientia,
887 3810 980 3884 quae
1002 3780 1228 3883 ¹pervolutan-

126 3911 183 3986 dis
204 3914 296 4006 solis
323 3920 445 3989 corum
471 3916 686 4016 scriptorum
712 3908 1072 4013 libriscomparatur,
1089 3917 1229 4014 ‚quibus

126 4044 283 4120 nativam
311 4047 483 4121 ¹dictionis
523 4044 740 4149 elegantiam·
762 4042 810 4120 let
840 4038 1067 4122 venustatem
1102 4050 1229 4123 merito

118 4176 318 4273 tribuimus.
365 4177 452 4255 Non
483 4172 650 4253 enimin
680 4170 802 4251 eorum
834 4175 1075 4256 voluminibus
1111 4182 1227 4257 omnis
