2684 4740
125 205 193 278 liu

121 401 201 462 dorm
222 395 290 458 -voio
318 391 465 470 ε’πηηςῶν
493 387 548 455 διὰ
569 388 695 476 rigatione,
719 395 897 481 posteriorc
920 407 1027 459 autem
1050 395 1147 461 hacc:
1174 390 1224 459 καὶ

121 515 224 594 &idere
245 518 323 582 ι’δεῖν
343 508 476 588 πολλοὺς
497 509 667 588 πλουσίους
685 511 764 578 ducii
791 509 902 578 ὃίδουυ
929 515 990 578 τῶν
1017 519 1153 594 πτωχῶν
1177 505 1223 581 ud

122 639 178 722 τὴν
199 638 345 723 οὐζοῧρα.
392 642 560 718 Quomodo
582 641 673 727 prior
694 641 784 704 locus
806 661 848 703 ex
871 643 1050 725 posteriore
1066 647 1223 727 corrigen-

123 768 182 830 dus
204 769 260 847 sit,
283 763 379 829 facile
402 763 604 845 intelligitur.
655 765 765 840 Quare
787 763 919 844 reliquis
941 766 1070 827 mendis
1094 778 1127 828 et
1148 767 1220 830 illud

123 889 397 953 adnumerandum
421 906 547 966 censeo,
571 886 654 967 quod
675 886 746 950 illic
768 879 886 966 ὀζοῦρα
907 907 967 974 pro
989 879 1130 967 οὐζοῢρα
1150 890 1219 952 aori.

123 1024 212 1097 ptum
235 1023 349 1073 exstat.
374 1045 416 1055 -
439 998 482 1067 ul
503 998 650 1088 πλερώσω
678 1013 762 1093 conj.
792 1029 861 1072 aor.
889 1020 950 1073 act.
976 1010 1066 1073 vorbi
1094 1001 1219 1091 πλερόνι.)

124 1157 166 1196 ex
193 1134 325 1214 antiquo
353 1119 474 1210 πληρόω
503 1132 679 1194 derivandi.
735 1130 807 1196 Hoc
833 1118 970 1212 πλερόυω
999 1133 1036 1195 in
1063 1134 1218 1197 inferioris

123 1258 194 1320 aevi
217 1257 393 1339 graecitate
411 1250 591 1340 pecuniam
615 1251 785 1335 solvendi,
804 1252 1039 1340 persolvendi,
1057 1252 1216 1341 peridcudi

122 1381 288 1442 notionem
311 1376 417 1455 habet,
440 1373 542 1459 aquo'
557 1377 714 1459 distingui
736 1389 863 1464 oportet
882 1366 1034 1458 πληρὸυω,
1058 1380 1093 1441 id
1108 1391 1156 1442 est
1168 1375 1216 1441 im·

118 1497 209 1588 pico·
243 1495 325 1581 Ejus
347 1498 542 1561 discriminis
565 1499 714 1580 ignarum
736 1499 836 1562 luisse
852 1499 1060 1583 Ducangium
1077 1502 1214 1580 vidcmm,

122 1622 177 1702 qui
200 1639 281 1700 quae
303 1618 414 1709 attulit
434 1639 462 1680 s.
484 1638 513 1680 v.
535 1606 704 1698 oleoducto
725 1619 849 1700 (scribe
864 1610 1046 1702 πληρὸνειν)
1071 1623 1212 1711 exempla,

122 1764 162 1806 ea
184 1742 295 1804 omnia
316 1741 358 1804 ad
379 1729 537 1820 πλερὸνειν
558 1742 725 1805 reserenda
747 1753 832 1806 sunt.
878 1743 950 1807 Etsi
964 1745 1053 1808 enim
1070 1748 1212 1819 cumulu-

121 1856 203 1949 ρόνῳ
230 1875 263 1928 et
289 1851 425 1944 πλερόνω
453 1865 592 1944 notavit,
620 1874 729 1928 tamen
751 1866 932 1953 promiscue
955 1887 994 1932 ea
1017 1871 1116 1932 verba
1137 1867 1216 1933 adhi-

121 1989 191 2052 beri
214 1988 364 2074 opinatus
386 1997 445 2050 cst.

162 2121 166 2128 “
252 2109 295 2172 V·
319 2107 396 2174 315.
441 2096 580 2169 ἐκάκισα
599 2127 667 2174 non
689 2121 739 2174 cat
758 2107 916 2184 insector,
938 2123 975 2176 ut
991 2111 1127 2178 Crusius
1148 2114 1217 2194 vult,

122 2233 178 2298 scd
205 2229 370 2318 vitupero.
408 2266 450 2281 -
491 2218 556 2305 ἔχω
583 2221 654 2302 τοὺς
676 2224 800 2313 ἕχῇρίοί
824 2229 1040 2296 inimicitiam
1065 2236 1218 2301 adversus

122 2375 295 2440 coegero.
348 2353 483 2417 Crusius
508 2374 639 2417 sensum
668 2356 888 2419 tantummodo
909 2357 1067 2440 reddidit,
1091 2361 1137 2423 sie
1156 2379 1217 2422 vcr-

123 2488 209 2538 tens:
231 2471 280 2536 eia
301 2470 442 2535 inimica
469 2493 551 2535 suan.
601 2474 642 2537 In
670 2473 723 2539 his
752 2478 857 2540 verbis
885 2471 1004 2559 ἕχῇρία
1032 2503 1095 2566 pro
1120 2469 1214 2563 ’ἔχθρα

120 2598 291 2662 barbarum
313 2606 364 2658 est
385 2606 479 2678 atquc
501 2594 596 2660 hodic
618 2617 686 2662 uon
707 2598 847 2685 amplius
869 2603 1032 2665 usitatum.

252 2716 295 2781 V.
318 2715 393 2782 317.
437 2709 525 2780 auid
541 2709 600 2778 καί
614 2720 780 2805 potaturis,
797 2741 1016 2808 qaromquum,
1030 2721 1123 2791 licet.
1149 2725 1217 2790 viu

122 2862 202 2922 quac
223 2843 405 2905 notavimus
433 2842 474 2904 ad
496 2862 576 2904 vers.
600 2840 675 2906 213.
715 2877 759 2894 -
795 2836 969 2926 ὀργίσνηκα
990 2847 1137 2931 vulgaris
1157 2869 1218 2915 sor.

120 2983 205 3048 pass.
229 2963 318 3024 verbi
340 2953 455 3040 ὀργίζω
477 2981 536 3045 pro
558 2955 731 3042 ὥργίσῂην.
753 3000 797 3014 -
818 2952 846 3026 ὦ
865 2959 927 3027 Δία
948 2970 988 3031 cl.
1011 2991 1094 3034 vers.
1117 2970 1192 3039 279.

137 3121 141 3128 .
252 3078 295 3140 V.
318 3077 393 3144 318.
437 3071 609 3160 pappolum
636 3087 732 3152 metri
760 3107 858 3155 causa
885 3111 944 3177 pro
971 3092 1158 3174 βορθακῶν.
1182 3129 1220 3143 ·-

121 3191 249 3282 καμμία
271 3203 412 3290 explicui
434 3205 475 3269 ad
497 3223 579 3268 vers.
602 3203 656 3270 57.

150 3361 154 3366 -
252 3323 391 3391 V.‘319.
435 3311 594 3408 ἄγνωστοι
609 3333 787 3396 recentiore
803 3333 992 3417 significatu
1012 3349 1062 3402 est
1079 3336 1221 3416 dement,

118 3442 278 3522 stolidos,
304 3445 585 3534 inconsideratus.
639 3451 738 3538 Apud
759 3453 956 3538 Hesychium
977 3459 1101 3543 legitur
1121 3456 1221 3526 dvoda'-

119 3587 230 3648 στεροι,
251 3557 421 3653 ἄγνωστοι,
444 3572 527 3653 quod
548 3590 643 3636 nemo
664 3578 736 3658 ejus
757 3577 970 3663 interpretum
990 3587 1148 3671 percepit,
1177 3586 1221 3652 At

118 3687 205 3752 nihil
234 3702 330 3778 captu
357 3692 495 3757 lucilius.
546 3694 791 3778 corrigendum,
813 3709 851 3764 ut
865 3703 937 3788 Jam
959 3706 1144 3775 observavit
1166 3707 1220 3772 Co

118 3828 192 3873 rues
224 3811 261 3873 in
294 3809 581 3896 Γλωσσογραφικῆς
612 3805 688 3892 ὅλης
717 3811 847 3900 conopia>
880 3843 953 3908 pag.
988 3824 1030 3890 10
1066 3828 1163 3893 Tom.
1189 3827 1220 3894 ll

116 3921 238 3992 ’mana
260 3922 468 4015 ὀυωδέσνεροι,
488 3937 537 4001 ita
558 3949 593 4001 ut
608 3940 653 4002 sit
671 3944 906 4027 comparativus
920 3945 1073 4030 adjectivi
1089 3941 1219 4032 Μίδης

116 4035 274 4133 ἄγνωστοι
301 4067 408 4122 autem
423 4053 598 4140 Hesychio
625 4071 701 4124 sunt
727 4060 904 4129 dementes.
950 4067 1064 4151 Itaque
1086 4094 1146 4138 eos
1167 4073 1219 4156 qui

115 4158 228 4240 mente*
242 4160 345 4244 usmis
367 4197 462 4263 qucm
483 4178 667 4254 homiuibus
688 4184 862 4254 similiores
877 4201 966 4258 ⁴suun
992 4184 1087 4272 (rodo
1107 4187 1217 4258 drude-
