2684 4740
1077 253 1161 305 xttx

46 407 196 484 nultima
208 407 419 509 posterioris
432 409 646 486 hemistichii
663 412 805 512 syllaba.
831 415 891 490 De
909 418 1065 518 politicis
1083 448 1155 496 me-

47 540 99 614 dii
114 541 193 618 aevi
210 540 429 617 Graecorum
445 542 609 619 versibus
625 542 762 620 Struvii
778 546 972 646 disputatio
990 561 1116 627 exstat
1125 557 1154 652 ·)

47 671 154 772 Quae
186 674 231 745 ab
261 672 397 746 hocin
427 673 565 748 mediae
597 674 723 750 aetatis
756 681 994 755 monumentis
1024 682 1153 759 borum

16 888 19 893 ,
46 773 214 882 versuum
233 805 331 906 leges
348 805 533 906 indagatae
552 817 646 897 sunt,
674 832 737 881 eae
753 834 847 883 nunc
865 838 1009 912 quoque
1028 840 1152 891 omnes

45 961 67 1008 u
92 934 240 1010 Graecis
267 937 511 1039 observantur,
535 937 608 1012 nisi
632 936 730 1037 quod
755 938 792 1011 in
817 941 954 1042 vulgari
976 947 1151 1021 recentio-

42 1064 96 1140 ris
121 1069 292 1167 temporis
320 1094 484 1143 sermone
508 1068 591 1169 plus
617 1078 674 1143 est
689 1069 853 1142 licentiae
870 1071 908 1143 in
926 1073 1070 1170 syllabis
1093 1104 1151 1176 sy-

42 1195 158 1273 nizesi
188 1199 445 1298 conjungendis
481 1197 724 1295 mutandaque
762 1209 971 1275 accentuum
996 1205 1093 1277 sede.
1104 1209 1149 1304 **)

43 1326 134 1426 Quo
158 1328 208 1417 fit,
233 1338 274 1409 ut
298 1328 452 1429 imperiti
475 1327 578 1401 lacile
603 1327 776 1429 suspicari
802 1342 948 1429 queant,
978 1331 1064 1409 alius
1096 1363 1150 1411 ar·

39 1459 91 1533 tis
116 1459 284 1534 metricae
308 1459 449 1560 regulas
474 1458 677 1561 vulgaribus
693 1469 848 1549 nostrae
856 1463 1046 1539 memoriae
1063 1493 1147 1567 poe·

39 1590 89 1666 tis
114 1591 267 1692 probari.
372 1658 375 1665 .

56 1710 66 1727 '¹
186 1722 356 1798 Dictione
381 1749 467 1799 usus
494 1733 552 1797 est
576 1723 781 1799 Demetrius
806 1725 927 1801 Zenus
957 1730 1145 1827 perspicua

39 1865 79 1937 et
92 1863 275 1955 'quantum
300 1854 338 1927 in
354 1853 451 1954 vulgi
466 1853 609 1954 loquela
626 1854 703 1928 fieri
718 1863 841 1953 potest
855 1865 953 1932 tersa
972 1867 1009 1933 et
1027 1884 1144 1935 emen·

39 1985 131 2063 deta.
167 1985 322 2062 Proinde
334 1985 440 2085 hujus
452 1985 627 2085 poematis
640 1984 796 2058 studium
815 1987 940 2083 majori
958 1988 1144 2065 commodo

37 2117 214 2193 tironibus
229 2094 310 2193 ess'e
322 2126 454 2218 potest,
469 2113 1013 2215 quamcarminumpopularinm‚
1028 2119 1144 2216 qualia

36 2259 164 2325 nostra
176 2257 291 2321 aetate
308 2248 503 2335 editasunt,
522 2244 748 2344 quantumvis
762 2243 979 2336 eximiorum,
993 2245 1142 2348 diligens

38 2389 79 2454 et
92 2376 234 2455 assidua
250 2377 367 2454 lectio.
392 2375 548 2452 Maxima
561 2375 698 2452 scilicet
712 2375 905 2450 carminum
919 2375 1141 2479 popularium

36 2511 83 2585 ab
95 2510 248 2585 indoctis
262 2509 539 2611 compositorum
557 2534 641 2610 pars
653 2506 846 2581 laxioribus
859 2508 1009 2585 vinculis
1028 2539 1141 2612 gram-

35 2643 176 2717 maticis
207 2643 424 2729 continetur,
458 2666 565 2739 quam
590 2639 680 2711 Zeni
704 2662 831 2734 poema
867 2647 976 2734 atque
1005 2641 1139 2718 idcirco

34 2774 97 2851 illa
121 2774 167 2846 iis
190 2772 303 2870 magis
326 2768 477 2881 legenda
502 2774 597 2852 sunt,
622 2765 685 2862 qui
702 2767 771 2859 jum
790 2763 1043 2860 aliquantulum
1059 2798 1138 2868 pro·

34 2905 208 2979 lecerunt
256 2898 387 2999 Neque
411 2907 531 2972 tamen
556 2895 743 2995 qnisquam
768 2893 828 2967 illa
846 2892 1049 2988 difficiliora,
1075 2901 1140 2975 sed

33 3032 291 3136 negligentiora
309 3040 446 3106 tantum
466 3052 570 3129 quam
589 3024 917 3126 poemachianum
935 3054 1018 3104 esse
1034 3030 1137 3109 dicat

32 3166 116 3244 Jam
141 3165 173 3240 si
195 3164 234 3237 in
257 3163 460 3240 universum
487 3159 707 3235 Graecorum
731 3157 825 3231 sexti
850 3156 978 3231 decimi
1003 3164 1137 3237 saeculi

33 3320 252 3385 sermonem,
296 3294 410 3395 qualis
446 3292 483 3367 in
519 3289 609 3364 Zeni
639 3296 802 3388 pobmate
846 3298 1010 3388 apparet,
1054 3317 1135 3367 cnm

32 3439 180 3507 nostrae
205 3425 330 3502 aetatis
356 3449 520 3501 sermone
544 3420 681 3521 vulgari
696 3417 953 3506 contendimus,
976 3428 1050 3491 tam
1067 3421 1138 3496 exi-

34 3582 140 3663 guam
164 3561 259 3634 inter
281 3567 473 3655 utrumque
498 3552 730 3628 differentiam
756 3545 1071 3650 deprehendimus
1095 3564 1136 3629 ut

34 3693 80 3767 ab
104 3691 160 3782 iis,
184 3690 247 3790 qui
271 3713 346 3762 non
370 3687 431 3761 diu
455 3687 492 3759 in
522 3685 579 3761 bis
610 3684 740 3760 litteris
770 3680 903 3761 versati
933 3691 1033 3773 sunt,
1064 3684 1136 3757 uni·

105 3966 130 4031 ⁸)
166 3959 255 4016 Ucber
273 3958 325 4014 den
340 3954 501 4032 politiscben
521 3954 590 4013 Vers
614 3955 661 4009 der
682 3948 907 4025 blittelgriecbcn,
929 3951 989 4007 eine
1012 3948 1136 4007 Abband-

32 4050 97 4124 lnng
115 4066 169 4104 von
186 4046 234 4106 Dr.
251 4045 286 4104 K.
305 4044 336 4102 b.
354 4043 460 4100 Struve.
494 4040 658 4097 Hildcsbeim
678 4040 756 4098 1828.

105 4150 140 4221 “)
174 4148 218 4206 De
244 4151 295 4206 boe
322 4155 472 4223 argumento
497 4135 580 4223 pauca
603 4143 717 4203 disserui
741 4143 769 4199 in
795 4138 946 4198 Comment.
972 4134 1005 4194 ad
1031 4132 1138 4208 Dialogl

32 4239 229 4300 mletb.

737 4332 840 4373 ΗΝ
