2684 4740
106 417 322 507 Artoplrogus
344 417 485 483 occurrit
508 421 576 483 fero
598 439 657 483 suo
680 419 784 501 modo,

108 552 229 615 invasit
251 535 370 634 absque
393 552 540 615 cautione
562 551 598 614 in
619 570 771 616 renerum
794 533 930 636 turbem,

108 667 337 770 Polyphouum
360 683 467 767 tetigit
486 683 523 746 iu
545 670 664 746 ventre}

108 815 199 879 Ante
221 815 326 901 ipsum
347 812 402 878 hio
423 825 573 879 extentus
588 797 705 898 jacuit,
727 827 761 879 et
782 816 892 882 omisit
913 815 1082 902 loquelam.

109 944 156 1009 Ut
179 947 258 1010 vidit
279 933 506 1010 Limnochoris
528 945 617 1010 humi
640 929 743 1010 iusum

108 1079 201 1141 illum
224 1069 504 1165 Polyplronum'et
526 1078 728 1158 trucidatum,

111 1209 346 1292 Troglodytam
368 1220 534 1272 essecutus
556 1217 616 1286 est,
639 1211 693 1289 qui
715 1209 827 1271 aberat
848 1207 962 1292 longe3

112 1350 204 1402 retro
227 1339 263 1401 in
286 1337 403 1402 collum
425 1339 457 1403 ei
480 1337 567 1401 dedit
585 1316 685 1402 ictum
707 1339 831 1420 leucen,

112 1485 221 1552 atque,
250 1441 367 1534 iterum
395 1481 582 1551 retrorsum,
610 1454 761 1558 cucurrit,
791 1470 1031 1559 Costoplmgum
1061 1477 1194 1560 invadit,

111 1623 205 1668 erma
227 1606 296 1686 ejus
318 1603 487 1690 percussit,
510 1601 655 1665 sednon
676 1601 856 1667 vulneravit
878 1588 992 1692 ipsum.

114 1735 283 1800 Convertit
305 1754 340 1798 se
363 1732 589 1819 Costophogus
613 1745 708 1796 ecuta
731 1753 803 1796 cum
823 1734 929 1816 hoste,

115 1867 283 1956 percussit,
306 1876 339 1929 et
359 1865 483 1928 viscere
503 1865 616 1928 effudit
637 1865 739 1951 ipsius
761 1863 999 1933 Limuoolroris.

115 2003 290 2065 Interouee
311 2002 381 2081 ejus
403 1998 601 2074 exciderunt,
624 2007 657 2059 et
680 1995 770 2061 humi
792 2010 943 2064 extensum
965 2013 1025 2082 est,

115 2135 207 2198 locus
229 2131 348 2211 rubuit,
370 2141 402 2193 et
424 2138 510 2192 totus
532 2139 583 2191 cst
606 2137 800 2190 cruentatus.

113 2267 211 2330 Tunc
233 2279 356 2343 quoque
377 2254 592 2343 'l'yroplregus
615 2258 651 2320 in
673 2267 789 2340 stagno
813 2257 972 2341 dormivit,

117 2415 233 2460 somuo
240 2390 345 2475 (sane)
351 2389 561 2470 inexcitabili,
574 2409 676 2472 neque
682 2389 897 2473 (cujusquam)
903 2393 1025 2458 auxilio
1031 2395 1157 2482 adjutus
1163 2412 1221 2481 est,

116 2547 197 2592 uam
220 2520 457 2589 Calaminthius
479 2506 551 2585 eum
573 2542 649 2585 oreo
662 2506 809 2602 demisit,

117 2677 246 2744 semper
267 2668 304 2718 ut
325 2640 394 2717 illio
410 2657 536 2736 jaceret
558 2671 630 2714 oum
652 2652 784 2733 reliquis
807 2670 879 2715 uum

118 2792 268 2855 Rursum
291 2768 531 2846 Calamintlrius
552 2754 834 2865 Pternoglyphum
857 2783 1025 2868 conspicit,

119 2937 234 2985 verum
255 2935 322 2980 uon
344 2896 543 2999 exspectavit
563 2931 646 2990 eum,
670 2922 705 2974 ut
725 2912 900 2994 resisteret,
923 2915 1007 2978 sicut
1028 2915 1129 2995 decet,
1244 3003 1249 3007 Ι

119 3051 179 3118 sed
201 3070 280 3136 pree
303 3057 388 3110 metu
410 3045 493 3128 sugit
515 3065 533 3107 e
555 3054 653 3124 terro,
711 3032 714 3037 ⁴

120 3194 248 3249 scutum
270 3179 397 3264 ebJ'ecit,
419 3187 453 3240 et
475 3175 637 3240 inlocum
660 3175 796 3240 desiluit

121 3315 315 3380 Phitreeum
336 3293 601 3391 Embosichytrus
624 3308 761 3371 illustris
777 3292 909 3373 occidit.

122 3445 241 3526 (Nom)
264 3443 408 3507 extendit
430 3461 572 3521 menum,
594 3439 766 3527 prehendit
786 3440 937 3527 lapidem,
960 3455 992 3506 ot
1014 3446 1155 3525 sustulit,

122 3598 259 3660 eumque
281 3588 357 3639 tunc
373 3575 455 3657 jecit
476 3574 657 3658 vi‘mogua.

123 3710 168 3773 In
189 3707 281 3771 molli
302 3673 398 3794 parte
418 3704 562 3785 (vertice)
585 3704 677 3768 illum
698 3707 857 3791 percussit
879 3725 976 3792 supra
999 3722 1102 3793 ceput.

126 3837 251 3906 Statim
273 3861 291 3903 e
313 3839 446 3902 rioribus
467 3833 563 3904 fluxit
585 3841 748 3901 cerebrum
767 3838 869 3923 ipsius
950 3854 952 3857 ·

127 3983 163 4036 et
186 3983 273 4035 terre
295 3971 461 4033 rubefacta
483 3967 544 4032 suit
564 3958 824 4052 sanguiueejus.

127 4105 222 4168 Tunc
244 4102 497 4166 Borborocoetes
519 4121 537 4162 e
559 4100 736 4184 longinquo
758 4099 907 4178 occurrit,

130 4233 260 4301 hostum
283 4232 396 4298 infixit
418 4235 459 4300 ab
481 4233 641 4297 anteriore
663 4242 756 4319 parte
778 4231 814 4292 in
834 4240 946 4315 pectus
