<?xml version="1.0" encoding="UTF-8"?>
<!DOCTYPE html PUBLIC "-//W3C//DTD XHTML 1.0 Transitional//EN"
    "http://www.w3.org/TR/xhtml1/DTD/xhtml1-transitional.dtd">
<html xmlns="http://www.w3.org/1999/xhtml" xml:lang="en" lang="en">
 <head>
  <title>
</title>
<meta http-equiv="Content-Type" content="text/html;charset=utf-8" />
  <meta name='ocr-system' content='tesseract 3.04.00' />
  <meta name='ocr-capabilities' content='ocr_page ocr_carea ocr_par ocr_line ocrx_word'/>
</head>
<body>
  <div class='ocr_page' id='page_1' title='image "./demetriizenipar00mullgoog_0231.png"; bbox 0 0 2684 4740; ppageno 0'>
   <div class='ocr_carea' id='block_1_1' title="bbox 198 193 267 264">
    <p class='ocr_par' dir='ltr' id='par_1_1' title="bbox 198 193 267 264">
     <span class='ocr_line' id='line_1_1' title="bbox 198 193 267 264; baseline -0.014 0"><span class='ocrx_word' id='word_1_1' title='bbox 198 193 267 264; x_wconf 82' lang='grc'>134</span> 
     </span>
    </p>
   </div>
   <div class='ocr_carea' id='block_1_2' title="bbox 98 365 1340 4280">
    <p class='ocr_par' dir='ltr' id='par_1_2' title="bbox 199 365 1297 846">
     <span class='ocr_line' id='line_1_2' title="bbox 199 365 1297 474; baseline -0.004 -19"><span class='ocrx_word' id='word_1_2' title='bbox 199 393 236 456; x_wconf 94' lang='lat' dir='ltr'>in</span> <span class='ocrx_word' id='word_1_3' title='bbox 258 388 407 454; x_wconf 83' lang='lat' dir='ltr'>eiterior&#39;e</span> <span class='ocrx_word' id='word_1_4' title='bbox 430 365 605 472; x_wconf 78' lang='lat' dir='ltr'>graecitate</span> <span class='ocrx_word' id='word_1_5' title='bbox 626 405 694 451; x_wconf 91' lang='lat' dir='ltr'>non</span> <span class='ocrx_word' id='word_1_6' title='bbox 714 385 853 474; x_wconf 82' lang='lat' dir='ltr'>amplius</span> <span class='ocrx_word' id='word_1_7' title='bbox 872 374 932 473; x_wconf 88' lang='lat' dir='ltr'>pro</span> <span class='ocrx_word' id='word_1_8' title='bbox 949 407 988 449; x_wconf 83' lang='lat' dir='ltr'>eo</span> <span class='ocrx_word' id='word_1_9' title='bbox 1005 385 1158 472; x_wconf 82' lang='lat' dir='ltr'>ponetur,</span> <span class='ocrx_word' id='word_1_10' title='bbox 1178 385 1239 468; x_wconf 67' lang='lat' dir='ltr'>&#39;qui</span> <span class='ocrx_word' id='word_1_11' title='bbox 1255 407 1297 451; x_wconf 85' lang='lat' dir='ltr'>ve·</span> 
     </span>
     <span class='ocr_line' id='line_1_3' title="bbox 200 506 1297 590; baseline -0.013 -11"><span class='ocrx_word' id='word_1_12' title='bbox 200 514 321 579; x_wconf 84' lang='lat' dir='ltr'>teribus</span> <span class='ocrx_word' id='word_1_13' title='bbox 343 506 516 574; x_wconf 84' lang='lat' dir='ltr'>coccineus</span> <span class='ocrx_word' id='word_1_14' title='bbox 538 520 597 590; x_wconf 84' lang='lat' dir='ltr'>est,</span> <span class='ocrx_word' id='word_1_15' title='bbox 620 510 677 573; x_wconf 81' lang='lat' dir='ltr'>sed</span> <span class='ocrx_word' id='word_1_16' title='bbox 698 510 830 573; x_wconf 88' lang='lat' dir='ltr'>omnino</span> <span class='ocrx_word' id='word_1_17' title='bbox 858 509 900 572; x_wconf 87' lang='lat' dir='ltr'>ed</span> <span class='ocrx_word' id='word_1_18' title='bbox 922 509 1051 572; x_wconf 86' lang='lat' dir='ltr'>rubrum</span> <span class='ocrx_word' id='word_1_19' title='bbox 1081 507 1227 572; x_wconf 82' lang='lat' dir='ltr'>colorem</span> <span class='ocrx_word' id='word_1_20' title='bbox 1252 532 1297 572; x_wconf 86' lang='lat' dir='ltr'>ex.</span> 
     </span>
     <span class='ocr_line' id='line_1_4' title="bbox 201 621 1297 724; baseline -0.01 -25"><span class='ocrx_word' id='word_1_21' title='bbox 201 633 405 724; x_wconf 87' lang='lat' dir='ltr'>primendum</span> <span class='ocrx_word' id='word_1_22' title='bbox 427 631 614 719; x_wconf 79' lang='lat' dir='ltr'>applicetur,</span> <span class='ocrx_word' id='word_1_23' title='bbox 638 632 758 696; x_wconf 86' lang='lat' dir='ltr'>ideireo</span> <span class='ocrx_word' id='word_1_24' title='bbox 780 621 947 705; x_wconf 75' lang='grc' dir='ltr'><strong><em>κοκκινίζω</em></strong></span> <span class='ocrx_word' id='word_1_25' title='bbox 975 651 1098 714; x_wconf 86' lang='lat' dir='ltr'>quoque</span> <span class='ocrx_word' id='word_1_26' title='bbox 1126 629 1233 695; x_wconf 86' lang='lat' dir='ltr'>solum</span> <span class='ocrx_word' id='word_1_27' title='bbox 1253 655 1297 696; x_wconf 80' lang='lat' dir='ltr'>ru.</span> 
     </span>
     <span class='ocr_line' id='line_1_5' title="bbox 203 750 1043 846; baseline -0.01 -24"><span class='ocrx_word' id='word_1_28' title='bbox 203 751 402 846; x_wconf 79' lang='lat' dir='ltr'>besaciendi</span> <span class='ocrx_word' id='word_1_29' title='bbox 423 767 456 818; x_wconf 87' lang='lat' dir='ltr'>et</span> <span class='ocrx_word' id='word_1_30' title='bbox 476 750 673 818; x_wconf 80' lang='lat' dir='ltr'>rubescendi</span> <span class='ocrx_word' id='word_1_31' title='bbox 694 753 914 839; x_wconf 81' lang='lat' dir='ltr'>significatum</span> <span class='ocrx_word' id='word_1_32' title='bbox 936 753 1043 818; x_wconf 86' lang='lat' dir='ltr'>habet.</span> 
     </span>
    </p>

    <p class='ocr_par' dir='ltr' id='par_1_3' title="bbox 335 862 1256 964">
     <span class='ocr_line' id='line_1_6' title="bbox 335 862 1256 964; baseline -0.005 -24"><span class='ocrx_word' id='word_1_33' title='bbox 335 877 380 940; x_wconf 91' lang='lat' dir='ltr'>V.</span> <span class='ocrx_word' id='word_1_34' title='bbox 403 874 479 942; x_wconf 88' lang='grc'><strong>365.</strong></span> <span class='ocrx_word' id='word_1_35' title='bbox 522 862 826 958; x_wconf 66' lang='lat' dir='ltr'>Topdcpapoemetri</span> <span class='ocrx_word' id='word_1_36' title='bbox 848 877 956 960; x_wconf 87' lang='lat' dir='ltr'>gratia</span> <span class='ocrx_word' id='word_1_37' title='bbox 977 897 1036 964; x_wconf 87' lang='lat' dir='ltr'>pro</span> <span class='ocrx_word' id='word_1_38' title='bbox 1058 865 1256 958; x_wconf 67' lang='lat' dir='ltr'>Topoqrdpop</span> 
     </span>
    </p>

    <p class='ocr_par' dir='ltr' id='par_1_4' title="bbox 205 988 1340 1819">
     <span class='ocr_line' id='line_1_7' title="bbox 337 988 1340 1084; baseline 0.001 -21"><span class='ocrx_word' id='word_1_39' title='bbox 337 999 378 1063; x_wconf 89' lang='lat' dir='ltr'>V.</span> <span class='ocrx_word' id='word_1_40' title='bbox 402 998 479 1064; x_wconf 87' lang='grc'><strong>366.</strong></span> <span class='ocrx_word' id='word_1_41' title='bbox 524 988 691 1081; x_wconf 65' lang='grc' dir='ltr'>ἆνὴγρετος</span> <span class='ocrx_word' id='word_1_42' title='bbox 712 993 965 1075; x_wconf 76' lang='lat' dir='ltr'>inexcitaoitis3</span> <span class='ocrx_word' id='word_1_43' title='bbox 973 1001 1045 1082; x_wconf 79' lang='lat' dir='ltr'>Jam</span> <span class='ocrx_word' id='word_1_44' title='bbox 1056 999 1143 1084; x_wconf 85' lang='lat' dir='ltr'>apud</span> <span class='ocrx_word' id='word_1_45' title='bbox 1154 999 1296 1064; x_wconf 81' lang='lat' dir='ltr'>Nomium</span> <span class='ocrx_word' id='word_1_46' title='bbox 1338 1012 1340 1049; x_wconf 75' lang='grc' dir='ltr'>Ι</span> 
     </span>
     <span class='ocr_line' id='line_1_8' title="bbox 205 1120 1296 1211; baseline 0.001 -24"><span class='ocrx_word' id='word_1_47' title='bbox 205 1121 373 1211; x_wconf 76' lang='lat' dir='ltr'>epitheton</span> <span class='ocrx_word' id='word_1_48' title='bbox 400 1123 521 1199; x_wconf 87' lang='lat' dir='ltr'>somni,</span> <span class='ocrx_word' id='word_1_49' title='bbox 548 1144 589 1186; x_wconf 88' lang='lat' dir='ltr'>ex</span> <span class='ocrx_word' id='word_1_50' title='bbox 617 1141 678 1204; x_wconf 88' lang='lat' dir='ltr'>quo</span> <span class='ocrx_word' id='word_1_51' title='bbox 706 1123 843 1186; x_wconf 82' lang='lat' dir='ltr'>excitari</span> <span class='ocrx_word' id='word_1_52' title='bbox 869 1141 1019 1203; x_wconf 78' lang='lat' dir='ltr'><strong>nequeas.</strong></span> <span class='ocrx_word' id='word_1_53' title='bbox 1068 1120 1230 1187; x_wconf 81' lang='lat' dir='ltr'>Homerus</span> <span class='ocrx_word' id='word_1_54' title='bbox 1255 1146 1296 1188; x_wconf 90' lang='lat' dir='ltr'>so·</span> 
     </span>
     <span class='ocr_line' id='line_1_9' title="bbox 205 1232 1295 1332; baseline 0 -22"><span class='ocrx_word' id='word_1_55' title='bbox 205 1267 316 1310; x_wconf 90' lang='lat' dir='ltr'>mnum</span> <span class='ocrx_word' id='word_1_56' title='bbox 336 1232 485 1326; x_wconf 63' lang='grc' dir='ltr'>νήγρετον</span> <span class='ocrx_word' id='word_1_57' title='bbox 505 1243 647 1332; x_wconf 86' lang='lat' dir='ltr'>appellat</span> <span class='ocrx_word' id='word_1_58' title='bbox 668 1244 730 1308; x_wconf 82' lang='lat' dir='ltr'>od.</span> <span class='ocrx_word' id='word_1_59' title='bbox 755 1242 808 1319; x_wconf 86' lang='lat'>13,</span> <span class='ocrx_word' id='word_1_60' title='bbox 829 1241 873 1309; x_wconf 87' lang='lat'>80</span> <span class='ocrx_word' id='word_1_61' title='bbox 895 1243 983 1330; x_wconf 82' lang='lat' dir='ltr'>hym.</span> <span class='ocrx_word' id='word_1_62' title='bbox 1006 1243 1090 1306; x_wconf 80' lang='lat' dir='ltr'>ven.</span> <span class='ocrx_word' id='word_1_63' title='bbox 1116 1242 1193 1309; x_wconf 89' lang='grc'><strong>178.</strong></span> <span class='ocrx_word' id='word_1_64' title='bbox 1217 1247 1295 1323; x_wconf 84' lang='lat' dir='ltr'>Quod</span> 
     </span>
     <span class='ocr_line' id='line_1_10' title="bbox 206 1355 1295 1455; baseline 0 -22"><span class='ocrx_word' id='word_1_65' title='bbox 206 1368 388 1455; x_wconf 80' lang='lat' dir='ltr'>superiores</span> <span class='ocrx_word' id='word_1_66' title='bbox 410 1368 549 1430; x_wconf 81' lang='lat' dir='ltr'>editores</span> <span class='ocrx_word' id='word_1_67' title='bbox 571 1368 607 1430; x_wconf 91' lang='lat' dir='ltr'>in</span> <span class='ocrx_word' id='word_1_68' title='bbox 629 1378 720 1430; x_wconf 85' lang='lat' dir='ltr'>textu</span> <span class='ocrx_word' id='word_1_69' title='bbox 742 1365 961 1432; x_wconf 82' lang='lat' dir='ltr'>toleraverant</span> <span class='ocrx_word' id='word_1_70' title='bbox 981 1355 1152 1447; x_wconf 69' lang='grc' dir='ltr'><em>ἀνήγερτος</em></span> <span class='ocrx_word' id='word_1_71' title='bbox 1173 1381 1295 1433; x_wconf 89' lang='lat' dir='ltr'>nonest</span> 
     </span>
     <span class='ocr_line' id='line_1_11' title="bbox 207 1488 1294 1575; baseline 0.002 -23"><span class='ocrx_word' id='word_1_72' title='bbox 207 1510 324 1575; x_wconf 80' lang='lat' dir='ltr'>graeca</span> <span class='ocrx_word' id='word_1_73' title='bbox 346 1510 418 1553; x_wconf 88' lang='lat' dir='ltr'>vox.</span> <span class='ocrx_word' id='word_1_74' title='bbox 464 1489 617 1552; x_wconf 76' lang='lat' dir='ltr'>Contudit</span> <span class='ocrx_word' id='word_1_75' title='bbox 633 1501 689 1552; x_wconf 89' lang='lat' dir='ltr'>aut</span> <span class='ocrx_word' id='word_1_76' title='bbox 704 1488 848 1570; x_wconf 79' lang='lat' dir='ltr'>Cnosius,</span> <span class='ocrx_word' id='word_1_77' title='bbox 865 1509 957 1572; x_wconf 87' lang='lat' dir='ltr'>quem</span> <span class='ocrx_word' id='word_1_78' title='bbox 975 1488 1093 1571; x_wconf 88' lang='lat' dir='ltr'>reliqui</span> <span class='ocrx_word' id='word_1_79' title='bbox 1108 1492 1211 1553; x_wconf 86' lang='lat' dir='ltr'>seouti</span> <span class='ocrx_word' id='word_1_80' title='bbox 1222 1504 1294 1572; x_wconf 80' lang='lat' dir='ltr'>sunt,</span> 
     </span>
     <span class='ocr_line' id='line_1_12' title="bbox 209 1609 1295 1694; baseline 0.004 -20"><span class='ocrx_word' id='word_1_81' title='bbox 209 1609 453 1691; x_wconf 66' lang='lat' dir='ltr'>euthitianus,</span> <span class='ocrx_word' id='word_1_82' title='bbox 477 1612 531 1694; x_wconf 85' lang='lat' dir='ltr'>qui</span> <span class='ocrx_word' id='word_1_83' title='bbox 554 1611 694 1674; x_wconf 78' lang='lat' dir='ltr'>codicem</span> <span class='ocrx_word' id='word_1_84' title='bbox 716 1612 877 1692; x_wconf 79' lang='lat' dir='ltr'>exaravit,</span> <span class='ocrx_word' id='word_1_85' title='bbox 905 1631 966 1694; x_wconf 88' lang='lat' dir='ltr'>quo</span> <span class='ocrx_word' id='word_1_86' title='bbox 992 1632 1069 1675; x_wconf 88' lang='lat' dir='ltr'>usus</span> <span class='ocrx_word' id='word_1_87' title='bbox 1092 1625 1144 1676; x_wconf 90' lang='lat' dir='ltr'>est</span> <span class='ocrx_word' id='word_1_88' title='bbox 1167 1613 1295 1694; x_wconf 81' lang='lat' dir='ltr'>Cresius,</span> 
     </span>
     <span class='ocr_line' id='line_1_13' title="bbox 208 1722 1007 1819; baseline -0.003 -23"><span class='ocrx_word' id='word_1_89' title='bbox 208 1735 301 1797; x_wconf 83' lang='lat' dir='ltr'>ambo</span> <span class='ocrx_word' id='word_1_90' title='bbox 324 1733 386 1797; x_wconf 86' lang='lat' dir='ltr'>ista</span> <span class='ocrx_word' id='word_1_91' title='bbox 408 1734 566 1819; x_wconf 81' lang='lat' dir='ltr'>adjectiva</span> <span class='ocrx_word' id='word_1_92' title='bbox 588 1725 755 1816; x_wconf 70' lang='grc' dir='ltr'><em>ἀνέγερτος</em></span> <span class='ocrx_word' id='word_1_93' title='bbox 776 1745 809 1798; x_wconf 89' lang='lat' dir='ltr'>et</span> <span class='ocrx_word' id='word_1_94' title='bbox 830 1722 1007 1816; x_wconf 66' lang='lat' dir='ltr'>dvippmoo.</span> 
     </span>
    </p>

    <p class='ocr_par' dir='ltr' id='par_1_5' title="bbox 340 1843 811 1934">
     <span class='ocr_line' id='line_1_14' title="bbox 340 1843 811 1934; baseline -0.008 -14"><span class='ocrx_word' id='word_1_95' title='bbox 340 1854 382 1919; x_wconf 90' lang='lat' dir='ltr'>V.</span> <span class='ocrx_word' id='word_1_96' title='bbox 403 1853 478 1920; x_wconf 88' lang='grc'><strong>367.</strong></span> <span class='ocrx_word' id='word_1_97' title='bbox 525 1845 595 1934; x_wconf 64' lang='lat' dir='ltr'>‘lida’</span> <span class='ocrx_word' id='word_1_98' title='bbox 623 1843 811 1932; x_wconf 61' lang='grc'><strong>1611131111.</strong></span> 
     </span>
    </p>

    <p class='ocr_par' dir='ltr' id='par_1_6' title="bbox 209 1956 1340 2286">
     <span class='ocr_line' id='line_1_15' title="bbox 342 1956 1297 2064; baseline 0.01 -29"><span class='ocrx_word' id='word_1_99' title='bbox 342 1975 386 2040; x_wconf 90' lang='lat' dir='ltr'>V.</span> <span class='ocrx_word' id='word_1_100' title='bbox 408 1974 482 2042; x_wconf 86' lang='grc'><strong>368.</strong></span> <span class='ocrx_word' id='word_1_101' title='bbox 526 1968 570 2037; x_wconf 72' lang='lat' dir='ltr'>odo</span> <span class='ocrx_word' id='word_1_102' title='bbox 589 1967 717 2043; x_wconf 68' lang='lat' dir='ltr'>utimar</span> <span class='ocrx_word' id='word_1_103' title='bbox 731 1977 930 2064; x_wconf 81' lang='lat' dir='ltr'>populariter</span> <span class='ocrx_word' id='word_1_104' title='bbox 943 1997 1003 2064; x_wconf 87' lang='lat' dir='ltr'>pro</span> <span class='ocrx_word' id='word_1_105' title='bbox 1021 1956 1215 2058; x_wconf 64' lang='lat' dir='ltr'>admirarere</span> <span class='ocrx_word' id='word_1_106' title='bbox 1231 1985 1297 2064; x_wconf 85' lang='lat' dir='ltr'>conj.</span> 
     </span>
     <span class='ocr_line' id='line_1_16' title="bbox 210 2071 1340 2187; baseline 0.001 -27"><span class='ocrx_word' id='word_1_107' title='bbox 210 2119 314 2185; x_wconf 88' lang='lat' dir='ltr'>praes.</span> <span class='ocrx_word' id='word_1_108' title='bbox 337 2100 426 2164; x_wconf 84' lang='lat' dir='ltr'>verli</span> <span class='ocrx_word' id='word_1_109' title='bbox 447 2090 603 2181; x_wconf 66' lang='lat' dir='ltr'>aeiropmt,</span> <span class='ocrx_word' id='word_1_110' title='bbox 626 2071 748 2182; x_wconf 75' lang='lat' dir='ltr'>dequo</span> <span class='ocrx_word' id='word_1_111' title='bbox 772 2101 841 2166; x_wconf 82' lang='lat' dir='ltr'>dixi</span> <span class='ocrx_word' id='word_1_112' title='bbox 862 2099 904 2165; x_wconf 87' lang='lat' dir='ltr'>ad</span> <span class='ocrx_word' id='word_1_113' title='bbox 926 2121 1006 2165; x_wconf 84' lang='lat' dir='ltr'>vers.</span> <span class='ocrx_word' id='word_1_114' title='bbox 1032 2097 1107 2166; x_wconf 72' lang='lat'><strong>326.</strong></span> <span class='ocrx_word' id='word_1_115' title='bbox 1142 2136 1187 2152; x_wconf 89' lang='lat'>-</span> <span class='ocrx_word' id='word_1_116' title='bbox 1219 2093 1297 2185; x_wconf 76' lang='grc' dir='ltr'>ὸμάδι</span> <span class='ocrx_word' id='word_1_117' title='bbox 1338 2162 1340 2187; x_wconf 53' lang='grc' dir='ltr'>Ι</span> 
     </span>
     <span class='ocr_line' id='line_1_17' title="bbox 209 2197 1092 2286; baseline 0.001 -1"><span class='ocrx_word' id='word_1_118' title='bbox 209 2220 446 2286; x_wconf 76' lang='lat' dir='ltr'>dilucidaviad</span> <span class='ocrx_word' id='word_1_119' title='bbox 469 2242 549 2286; x_wconf 85' lang='lat' dir='ltr'>vers.</span> <span class='ocrx_word' id='word_1_120' title='bbox 575 2219 652 2286; x_wconf 88' lang='grc'><strong>311.</strong></span> <span class='ocrx_word' id='word_1_121' title='bbox 1089 2197 1092 2200; x_wconf 21' lang='lat'><strong>⁴</strong></span> 
     </span>
    </p>

    <p class='ocr_par' dir='ltr' id='par_1_7' title="bbox 211 2334 1298 2677">
     <span class='ocr_line' id='line_1_18' title="bbox 344 2334 1298 2432; baseline 0 -22"><span class='ocrx_word' id='word_1_122' title='bbox 344 2343 387 2432; x_wconf 86' lang='lat' dir='ltr'>V·</span> <span class='ocrx_word' id='word_1_123' title='bbox 411 2341 485 2421; x_wconf 81' lang='lat'><strong>370.</strong></span> <span class='ocrx_word' id='word_1_124' title='bbox 528 2343 580 2407; x_wconf 90' lang='lat' dir='ltr'>De</span> <span class='ocrx_word' id='word_1_125' title='bbox 601 2343 760 2431; x_wconf 81' lang='lat' dir='ltr'>particula</span> <span class='ocrx_word' id='word_1_126' title='bbox 781 2334 831 2425; x_wconf 79' lang='lat' dir='ltr'>pol</span> <span class='ocrx_word' id='word_1_127' title='bbox 852 2345 927 2426; x_wconf 89' lang='lat' dir='ltr'>quid</span> <span class='ocrx_word' id='word_1_128' title='bbox 944 2344 1158 2429; x_wconf 80' lang='lat' dir='ltr'>judicandum</span> <span class='ocrx_word' id='word_1_129' title='bbox 1178 2349 1236 2428; x_wconf 85' lang='lat' dir='ltr'>sit,</span> <span class='ocrx_word' id='word_1_130' title='bbox 1255 2367 1298 2409; x_wconf 87' lang='lat' dir='ltr'>ex·</span> 
     </span>
     <span class='ocr_line' id='line_1_19' title="bbox 212 2457 1298 2557; baseline 0.002 -30"><span class='ocrx_word' id='word_1_131' title='bbox 212 2466 305 2551; x_wconf 93' lang='lat' dir='ltr'>posui</span> <span class='ocrx_word' id='word_1_132' title='bbox 328 2466 369 2526; x_wconf 90' lang='lat' dir='ltr'>ad</span> <span class='ocrx_word' id='word_1_133' title='bbox 391 2484 472 2530; x_wconf 84' lang='lat' dir='ltr'>vers.</span> <span class='ocrx_word' id='word_1_134' title='bbox 496 2463 549 2534; x_wconf 84' lang='lat'>97.</span> <span class='ocrx_word' id='word_1_135' title='bbox 583 2497 627 2510; x_wconf 93' lang='lat'>—</span> <span class='ocrx_word' id='word_1_136' title='bbox 661 2457 843 2546; x_wconf 71' lang='lat' dir='ltr'>iaopee&#39;paos</span> <span class='ocrx_word' id='word_1_137' title='bbox 865 2463 1101 2557; x_wconf 78' lang='lat' dir='ltr'>exspecteoit,</span> <span class='ocrx_word' id='word_1_138' title='bbox 1124 2481 1161 2532; x_wconf 92' lang='lat' dir='ltr'>ut</span> <span class='ocrx_word' id='word_1_139' title='bbox 1178 2469 1298 2532; x_wconf 78' lang='lat' dir='ltr'>vidimus</span> 
     </span>
     <span class='ocr_line' id='line_1_20' title="bbox 211 2577 1297 2677; baseline 0.002 -29"><span class='ocrx_word' id='word_1_140' title='bbox 211 2581 402 2649; x_wconf 70' lang='grc'><strong>1111111348.</strong></span> <span class='ocrx_word' id='word_1_141' title='bbox 437 2616 480 2636; x_wconf 87' lang='lat'>-</span> <span class='ocrx_word' id='word_1_142' title='bbox 511 2577 537 2646; x_wconf 81' lang='lat' dir='ltr'>o’</span> <span class='ocrx_word' id='word_1_143' title='bbox 561 2577 738 2670; x_wconf 54' lang='grc' dir='ltr'>ἀντισταβῇ</span> <span class='ocrx_word' id='word_1_144' title='bbox 766 2591 849 2674; x_wconf 86' lang='lat' dir='ltr'>oonj.</span> <span class='ocrx_word' id='word_1_145' title='bbox 877 2609 945 2658; x_wconf 78' lang='lat' dir='ltr'>aot.</span> <span class='ocrx_word' id='word_1_146' title='bbox 974 2591 1062 2656; x_wconf 87' lang='lat' dir='ltr'>verbi</span> <span class='ocrx_word' id='word_1_147' title='bbox 1084 2582 1297 2677; x_wconf 66' lang='grc' dir='ltr'>ἀντιωῶωμαι,</span> 
     </span>
    </p>

    <p class='ocr_par' dir='ltr' id='par_1_8' title="bbox 112 2707 1284 2793">
     <span class='ocr_line' id='line_1_21' title="bbox 112 2707 1284 2793; baseline 0.005 -22"><span class='ocrx_word' id='word_1_148' title='bbox 112 2771 115 2779; x_wconf 81' lang='grc'><strong>,</strong></span> <span class='ocrx_word' id='word_1_149' title='bbox 212 2707 295 2792; x_wconf 88' lang='lat' dir='ltr'>quod</span> <span class='ocrx_word' id='word_1_150' title='bbox 312 2710 382 2791; x_wconf 88' lang='lat' dir='ltr'>jam</span> <span class='ocrx_word' id='word_1_151' title='bbox 405 2708 541 2793; x_wconf 80' lang='lat' dir='ltr'>legimus</span> <span class='ocrx_word' id='word_1_152' title='bbox 563 2721 657 2774; x_wconf 82' lang='lat' dir='ltr'>versu</span> <span class='ocrx_word' id='word_1_153' title='bbox 679 2707 755 2774; x_wconf 65' lang='lat'><strong>26⁸2.</strong></span> <span class='ocrx_word' id='word_1_154' title='bbox 1280 2773 1284 2784; x_wconf 85' lang='lat'><em>,</em></span> 
     </span>
    </p>

    <p class='ocr_par' dir='ltr' id='par_1_9' title="bbox 211 2824 1297 3163">
     <span class='ocr_line' id='line_1_22' title="bbox 343 2824 1297 2926; baseline 0.005 -33"><span class='ocrx_word' id='word_1_155' title='bbox 343 2830 387 2893; x_wconf 93' lang='lat' dir='ltr'>V.</span> <span class='ocrx_word' id='word_1_156' title='bbox 411 2829 485 2896; x_wconf 89' lang='grc'><strong>371.</strong></span> <span class='ocrx_word' id='word_1_157' title='bbox 532 2824 623 2925; x_wconf 67' lang='lat' dir='ltr'>dipem</span> <span class='ocrx_word' id='word_1_158' title='bbox 652 2834 782 2926; x_wconf 83' lang='lat' dir='ltr'>proprie</span> <span class='ocrx_word' id='word_1_159' title='bbox 804 2844 854 2899; x_wconf 88' lang='lat' dir='ltr'>est</span> <span class='ocrx_word' id='word_1_160' title='bbox 872 2828 1009 2920; x_wconf 78' lang='lat' dir='ltr'>pluteo,</span> <span class='ocrx_word' id='word_1_161' title='bbox 1031 2830 1106 2910; x_wconf 81' lang='lat' dir='ltr'>oia,</span> <span class='ocrx_word' id='word_1_162' title='bbox 1128 2833 1232 2911; x_wconf 71' lang='lat' dir='ltr'>victer,</span> <span class='ocrx_word' id='word_1_163' title='bbox 1251 2853 1297 2917; x_wconf 83' lang='lat' dir='ltr'>qua</span> 
     </span>
     <span class='ocr_line' id='line_1_23' title="bbox 211 2950 1297 3037; baseline 0.006 -23"><span class='ocrx_word' id='word_1_164' title='bbox 211 2963 381 3037; x_wconf 85' lang='lat' dir='ltr'>potestate,</span> <span class='ocrx_word' id='word_1_165' title='bbox 402 2965 438 3014; x_wconf 91' lang='lat' dir='ltr'>ut</span> <span class='ocrx_word' id='word_1_166' title='bbox 460 2950 542 3021; x_wconf 83' lang='lat' dir='ltr'>alios</span> <span class='ocrx_word' id='word_1_167' title='bbox 566 2955 726 3032; x_wconf 78' lang='lat' dir='ltr'>omittam,</span> <span class='ocrx_word' id='word_1_168' title='bbox 750 2954 895 3018; x_wconf 84' lang='lat' dir='ltr'>adhibuit</span> <span class='ocrx_word' id='word_1_169' title='bbox 916 2954 979 3019; x_wconf 88' lang='lat' dir='ltr'>hoe</span> <span class='ocrx_word' id='word_1_170' title='bbox 1000 2958 1192 3027; x_wconf 76' lang='lat' dir='ltr'>vocabulum</span> <span class='ocrx_word' id='word_1_171' title='bbox 1214 2958 1297 3026; x_wconf 86' lang='lat' dir='ltr'>Theo-</span> 
     </span>
     <span class='ocr_line' id='line_1_24' title="bbox 213 3071 1140 3163; baseline 0.01 -29"><span class='ocrx_word' id='word_1_172' title='bbox 213 3072 310 3135; x_wconf 88' lang='lat' dir='ltr'>dorus</span> <span class='ocrx_word' id='word_1_173' title='bbox 332 3071 528 3138; x_wconf 84' lang='lat' dir='ltr'>Prodromus</span> <span class='ocrx_word' id='word_1_174' title='bbox 549 3073 604 3143; x_wconf 83' lang='lat' dir='ltr'>lib.</span> <span class='ocrx_word' id='word_1_175' title='bbox 627 3073 644 3140; x_wconf 95' lang='grc' dir='ltr'><strong>Ι</strong></span> <span class='ocrx_word' id='word_1_176' title='bbox 666 3095 747 3145; x_wconf 84' lang='lat' dir='ltr'>vers.</span> <span class='ocrx_word' id='word_1_177' title='bbox 775 3073 836 3140; x_wconf 84' lang='grc'>189</span> <span class='ocrx_word' id='word_1_178' title='bbox 858 3098 931 3163; x_wconf 74' lang='lat' dir='ltr'>pag.</span> <span class='ocrx_word' id='word_1_179' title='bbox 956 3078 975 3143; x_wconf 88' lang='lat'><strong>7</strong></span> <span class='ocrx_word' id='word_1_180' title='bbox 999 3078 1038 3142; x_wconf 91' lang='lat' dir='ltr'>ed</span> <span class='ocrx_word' id='word_1_181' title='bbox 1062 3079 1140 3150; x_wconf 79' lang='lat' dir='ltr'>Cor.</span> 
     </span>
    </p>

    <p class='ocr_par' dir='ltr' id='par_1_10' title="bbox 300 3182 1236 3285">
     <span class='ocr_line' id='line_1_25' title="bbox 300 3182 1236 3285; baseline 0.012 -31"><span class='ocrx_word' id='word_1_182' title='bbox 300 3182 356 3260; x_wconf 77' lang='lat' dir='ltr'>aeti</span> <span class='ocrx_word' id='word_1_183' title='bbox 378 3184 440 3265; x_wconf 67' lang='lat' dir='ltr'>dal&gt;</span> <span class='ocrx_word' id='word_1_184' title='bbox 460 3195 568 3274; x_wconf 79' lang='grc' dir='ltr'><strong>ψυχῆς</strong></span> <span class='ocrx_word' id='word_1_185' title='bbox 589 3187 633 3257; x_wconf 72' lang='lat' dir='ltr'>volo</span> <span class='ocrx_word' id='word_1_186' title='bbox 654 3190 818 3280; x_wconf 72' lang='grc' dir='ltr'>ςρῖγγιζα,</span> <span class='ocrx_word' id='word_1_187' title='bbox 840 3197 1012 3280; x_wconf 68' lang='grc' dir='ltr'><em>περιπατῶν</em></span> <span class='ocrx_word' id='word_1_188' title='bbox 1031 3191 1090 3272; x_wconf 68' lang='grc' dir='ltr'>τὰς</span> <span class='ocrx_word' id='word_1_189' title='bbox 1110 3195 1236 3285; x_wconf 60' lang='lat' dir='ltr'>dipsade,</span> 
     </span>
    </p>

    <p class='ocr_par' dir='ltr' id='par_1_11' title="bbox 98 3313 1309 4280">
     <span class='ocr_line' id='line_1_26' title="bbox 98 3313 1301 3410; baseline 0.014 -32"><span class='ocrx_word' id='word_1_190' title='bbox 98 3405 101 3410; x_wconf 25' lang='grc' dir='ltr'>Ι</span> <span class='ocrx_word' id='word_1_191' title='bbox 212 3317 267 3380; x_wconf 89' lang='lat' dir='ltr'>ubi</span> <span class='ocrx_word' id='word_1_192' title='bbox 290 3317 410 3386; x_wconf 87' lang='lat' dir='ltr'>Coraes</span> <span class='ocrx_word' id='word_1_193' title='bbox 433 3320 529 3383; x_wconf 87' lang='lat' dir='ltr'>metri</span> <span class='ocrx_word' id='word_1_194' title='bbox 550 3322 657 3404; x_wconf 79' lang='lat' dir='ltr'>gratia</span> <span class='ocrx_word' id='word_1_195' title='bbox 678 3324 818 3386; x_wconf 88' lang='lat' dir='ltr'>seribere</span> <span class='ocrx_word' id='word_1_196' title='bbox 838 3335 1012 3410; x_wconf 68' lang='lat' dir='ltr'>poteratne</span> <span class='ocrx_word' id='word_1_197' title='bbox 1029 3313 1104 3399; x_wconf 61' lang='grc' dir='ltr'>ἀπὸ,</span> <span class='ocrx_word' id='word_1_198' title='bbox 1138 3327 1213 3392; x_wconf 87' lang='lat' dir='ltr'>Hoe</span> <span class='ocrx_word' id='word_1_199' title='bbox 1228 3318 1301 3407; x_wconf 69' lang='grc' dir='ltr'>ὁῖμνη</span> 
     </span>
     <span class='ocr_line' id='line_1_27' title="bbox 212 3408 1304 3528; baseline 0.005 -22"><span class='ocrx_word' id='word_1_200' title='bbox 212 3439 298 3506; x_wconf 84' lang='grc'><strong>1111111</strong></span> <span class='ocrx_word' id='word_1_201' title='bbox 319 3453 369 3505; x_wconf 91' lang='lat' dir='ltr'>est</span> <span class='ocrx_word' id='word_1_202' title='bbox 389 3443 456 3506; x_wconf 91' lang='lat' dir='ltr'>nisi</span> <span class='ocrx_word' id='word_1_203' title='bbox 477 3442 643 3524; x_wconf 85' lang='lat' dir='ltr'>antiquum</span> <span class='ocrx_word' id='word_1_204' title='bbox 664 3463 783 3508; x_wconf 90' lang='lat' dir='ltr'>nomen</span> <span class='ocrx_word' id='word_1_205' title='bbox 804 3434 896 3526; x_wconf 73' lang='grc' dir='ltr'>ῥύμη,</span> <span class='ocrx_word' id='word_1_206' title='bbox 920 3408 1146 3528; x_wconf 60' lang='lat' dir='ltr'>quodVetores</span> <span class='ocrx_word' id='word_1_207' title='bbox 1159 3449 1304 3514; x_wconf 80' lang='lat' dir='ltr'>interdum</span> 
     </span>
     <span class='ocr_line' id='line_1_28' title="bbox 214 3561 1305 3660; baseline 0.008 -34"><span class='ocrx_word' id='word_1_208' title='bbox 214 3561 277 3626; x_wconf 85' lang='lat' dir='ltr'>hoe</span> <span class='ocrx_word' id='word_1_209' title='bbox 298 3585 395 3634; x_wconf 88' lang='lat' dir='ltr'>sensu</span> <span class='ocrx_word' id='word_1_210' title='bbox 415 3585 586 3652; x_wconf 85' lang='lat' dir='ltr'>usurpasse</span> <span class='ocrx_word' id='word_1_211' title='bbox 609 3579 743 3642; x_wconf 80' lang='lat' dir='ltr'>constat.</span> <span class='ocrx_word' id='word_1_212' title='bbox 790 3565 858 3641; x_wconf 79' lang='lat' dir='ltr'>Sed</span> <span class='ocrx_word' id='word_1_213' title='bbox 874 3582 986 3634; x_wconf 87' lang='lat' dir='ltr'>nostro</span> <span class='ocrx_word' id='word_1_214' title='bbox 1009 3571 1080 3636; x_wconf 87' lang='lat' dir='ltr'>loeo</span> <span class='ocrx_word' id='word_1_215' title='bbox 1102 3562 1201 3660; x_wconf 69' lang='grc' dir='ltr'>ρίμυη</span> <span class='ocrx_word' id='word_1_216' title='bbox 1222 3572 1305 3638; x_wconf 83' lang='lat' dir='ltr'>aliun</span> 
     </span>
     <span class='ocr_line' id='line_1_29' title="bbox 213 3674 1305 3773; baseline 0.008 -27"><span class='ocrx_word' id='word_1_217' title='bbox 213 3674 310 3747; x_wconf 87' lang='lat' dir='ltr'>habet</span> <span class='ocrx_word' id='word_1_218' title='bbox 342 3687 574 3770; x_wconf 80' lang='lat' dir='ltr'>significatum,</span> <span class='ocrx_word' id='word_1_219' title='bbox 615 3693 707 3773; x_wconf 83' lang='lat' dir='ltr'>eujus</span> <span class='ocrx_word' id='word_1_220' title='bbox 740 3711 806 3762; x_wconf 86' lang='lat' dir='ltr'>non</span> <span class='ocrx_word' id='word_1_221' title='bbox 839 3693 987 3763; x_wconf 89' lang='lat' dir='ltr'>meminit</span> <span class='ocrx_word' id='word_1_222' title='bbox 1016 3693 1138 3764; x_wconf 84' lang='lat' dir='ltr'>Coraes</span> <span class='ocrx_word' id='word_1_223' title='bbox 1167 3689 1305 3768; x_wconf 66' lang='lat' dir='ltr'>’rtrml</span> 
     </span>
     <span class='ocr_line' id='line_1_30' title="bbox 213 3803 1307 3910; baseline 0.016 -43"><span class='ocrx_word' id='word_1_224' title='bbox 213 3829 244 3892; x_wconf 92' lang='lat' dir='ltr'>p.</span> <span class='ocrx_word' id='word_1_225' title='bbox 266 3803 329 3878; x_wconf 79' lang='lat'>185</span> <span class='ocrx_word' id='word_1_226' title='bbox 351 3827 453 3890; x_wconf 88' lang='lat' dir='ltr'>nequo</span> <span class='ocrx_word' id='word_1_227' title='bbox 475 3811 519 3892; x_wconf 79' lang='grc' dir='ltr'>ΙΙ,</span> <span class='ocrx_word' id='word_1_228' title='bbox 542 3835 572 3910; x_wconf 83' lang='lat' dir='ltr'>p·</span> <span class='ocrx_word' id='word_1_229' title='bbox 596 3810 658 3887; x_wconf 70' lang='lat'>321</span> <span class='ocrx_word' id='word_1_230' title='bbox 683 3825 716 3876; x_wconf 88' lang='lat' dir='ltr'>et</span> <span class='ocrx_word' id='word_1_231' title='bbox 737 3835 829 3894; x_wconf 86' lang='lat' dir='ltr'>quem</span> <span class='ocrx_word' id='word_1_232' title='bbox 851 3817 1019 3899; x_wconf 78' lang='lat' dir='ltr'>ignorasse</span> <span class='ocrx_word' id='word_1_233' title='bbox 1041 3818 1171 3885; x_wconf 88' lang='lat' dir='ltr'>videtur</span> <span class='ocrx_word' id='word_1_234' title='bbox 1193 3820 1307 3884; x_wconf 80' lang='lat' dir='ltr'>Duom-</span> 
     </span>
     <span class='ocr_line' id='line_1_31' title="bbox 214 3928 1308 4027; baseline 0.012 -38"><span class='ocrx_word' id='word_1_235' title='bbox 214 3928 286 4010; x_wconf 85' lang='lat' dir='ltr'>gius</span> <span class='ocrx_word' id='word_1_236' title='bbox 308 3929 400 4002; x_wconf 81' lang='lat' dir='ltr'>Tom·</span> <span class='ocrx_word' id='word_1_237' title='bbox 424 3931 458 3995; x_wconf 91' lang='lat' dir='ltr'>II</span> <span class='ocrx_word' id='word_1_238' title='bbox 480 3955 511 4018; x_wconf 94' lang='lat' dir='ltr'>p.</span> <span class='ocrx_word' id='word_1_239' title='bbox 538 3931 631 3999; x_wconf 66' lang='lat' dir='ltr'>tiata</span> <span class='ocrx_word' id='word_1_240' title='bbox 677 3933 718 4000; x_wconf 83' lang='lat' dir='ltr'>Si</span> <span class='ocrx_word' id='word_1_241' title='bbox 730 3936 818 4003; x_wconf 88' lang='lat' dir='ltr'>enim</span> <span class='ocrx_word' id='word_1_242' title='bbox 834 3935 920 4011; x_wconf 86' lang='lat' dir='ltr'>hune</span> <span class='ocrx_word' id='word_1_243' title='bbox 937 3960 1063 4012; x_wconf 83' lang='lat' dir='ltr'>versum</span> <span class='ocrx_word' id='word_1_244' title='bbox 1081 3961 1156 4013; x_wconf 81' lang='lat' dir='ltr'>oum</span> <span class='ocrx_word' id='word_1_245' title='bbox 1175 3937 1308 4027; x_wconf 81' lang='lat' dir='ltr'>sequenti</span> 
     </span>
     <span class='ocr_line' id='line_1_32' title="bbox 214 4051 1308 4156; baseline 0.021 -45"><span class='ocrx_word' id='word_1_246' title='bbox 214 4051 416 4133; x_wconf 80' lang='lat' dir='ltr'>conferimus,</span> <span class='ocrx_word' id='word_1_247' title='bbox 439 4055 533 4119; x_wconf 88' lang='lat' dir='ltr'>laoile</span> <span class='ocrx_word' id='word_1_248' title='bbox 555 4059 649 4121; x_wconf 87' lang='lat' dir='ltr'>nobis</span> <span class='ocrx_word' id='word_1_249' title='bbox 670 4059 734 4123; x_wconf 84' lang='lat' dir='ltr'>erit</span> <span class='ocrx_word' id='word_1_250' title='bbox 760 4080 964 4156; x_wconf 75' lang='lat' dir='ltr'>persuasum,</span> <span class='ocrx_word' id='word_1_251' title='bbox 993 4065 1098 4149; x_wconf 82' lang='lat' dir='ltr'>magis</span> <span class='ocrx_word' id='word_1_252' title='bbox 1122 4060 1308 4141; x_wconf 75' lang='lat' dir='ltr'>finalomil</span> 
     </span>
     <span class='ocr_line' id='line_1_33' title="bbox 214 4173 1309 4280; baseline 0.016 -44"><span class='ocrx_word' id='word_1_253' title='bbox 214 4173 279 4237; x_wconf 88' lang='lat' dir='ltr'>lum</span> <span class='ocrx_word' id='word_1_254' title='bbox 302 4194 450 4246; x_wconf 81' lang='lat' dir='ltr'>versuum</span> <span class='ocrx_word' id='word_1_255' title='bbox 474 4193 663 4248; x_wconf 81' lang='lat' dir='ltr'>concentum</span> <span class='ocrx_word' id='word_1_256' title='bbox 686 4203 780 4277; x_wconf 75' lang='lat' dir='ltr'>quam</span> <span class='ocrx_word' id='word_1_257' title='bbox 810 4185 914 4280; x_wconf 82' lang='lat' dir='ltr'>ipsam</span> <span class='ocrx_word' id='word_1_258' title='bbox 943 4188 1140 4263; x_wconf 81' lang='lat' dir='ltr'>sententiam</span> <span class='ocrx_word' id='word_1_259' title='bbox 1163 4190 1309 4267; x_wconf 72' lang='lat' dir='ltr'>offecisse.</span> 
     </span>
    </p>
   </div>
   <div class='ocr_carea' id='block_1_3' title="bbox 0 0 1363 4740">
    <p class='ocr_par' dir='ltr' id='par_1_12' title="bbox 0 0 1363 4740">
     <span class='ocr_line' id='line_1_34' title="bbox 0 0 1363 4740; baseline 0 0"><span class='ocrx_word' id='word_1_260' title='bbox 0 0 1363 4740; x_wconf 95' lang='lat' dir='ltr'> </span> 
     </span>
    </p>
   </div>
  </div>
 </body>
</html>
