2684 4740
81 295 87 302 ,
118 208 185 281 ne

118 403 287 469 dicendum
308 410 380 465 erat
406 400 464 464 ifle
493 418 571 463 aevo
599 390 640 457 roi
662 388 774 456 παιδιά
793 386 912 470 eoiret,
934 394 964 457 ⁸1
985 392 1115 477 finguli
1136 416 1223 482 ⁸⁰9³·

119 528 216 591 ratim
238 524 362 603 ludunt,
383 515 542 598 παίζουσι,
564 539 644 602 qnae
666 520 769 582 forma
797 529 864 581 tune
886 536 1009 599 quoque
1037 520 1220 585 necessaria

120 662 179 727 est,
202 666 297 727 quum
319 646 520 729 singulorum
542 642 636 707 ludus
659 643 696 705 in
717 642 845 707 diversa
867 650 1013 725 tempore
1034 642 1170 721 incidit,
1190 642 1216 705 id

120 770 202 851 quod
232 771 407 854 praeterito
440 768 492 832 vel
527 768 645 846 futuro,
680 783 747 829 non
781 764 859 827 item
885 764 1051 848 praesenti
1081 776 1215 851 tempore

121 891 284 957 enuntiari
310 911 405 975 poseo
433 892 469 955 in
495 898 624 976 promtu
652 897 711 951 eat.
760 884 851 949 Haec
876 885 936 967 iis,
959 906 1040 967 quae
1064 906 1162 973 snpra
1179 888 1212 951 ad

121 1036 150 1079 v.
174 1012 217 1077 60
239 1014 492 1097 expositarum,
516 1011 661 1077 addenda
684 1028 753 1073 esse
775 1009 968 1088 existimari,
990 1028 1034 1073 ne
1049 1009 1209 1073 oblataec-

121 1136 250 1201 cacione
274 1134 474 1219 negligerem
500 1154 568 1199 rem
596 1132 739 1196 nondum
767 1134 847 1196 bene
875 1132 912 1195 in
940 1134 1161 1215 grammaticis
1178 1134 1209 1195 de

121 1259 253 1339 antique
276 1256 388 1340 lingua
409 1257 502 1323 libris
524 1256 743 1335 aurolentam,
766 1273 847 1337 quae
869 1274 937 1321 non
959 1255 1067 1319 uelum
1098 1256 1207 1329 Credo,
1248 1288 1250 1343 i

121 1382 178 1443 aed
198 1380 274 1443 aliis
296 1397 418 1459 quoqne
440 1377 616 1463 philologia
637 1379 743 1441 fraudi
765 1379 836 1459 suit,
859 1377 1011 1461 quoniam
1025 1380 1145 1463 partim
1158 1378 1209 1443 hoc
1248 1413 1250 1419 .

119 1503 293 1569 discrimen
315 1502 351 1562 in
374 1500 559 1564 Atticorum
580 1500 711 1585 scriptia
732 1519 799 1564 non
814 1512 1040 1587 perceperunt,
1055 1501 1208 1588 partimin

119 1642 231 1687 eornm
253 1631 418 1685 auctorum
440 1642 539 1707 opera
561 1623 679 1685 inferre
702 1632 880 1703 tentarunt,
903 1625 959 1706 qni
982 1626 1096 1705 quibus
1113 1644 1207 1689 saecu-

120 1745 162 1811 lic
183 1744 264 1813 illnd
281 1747 352 1828 jam
374 1744 500 1829 pridem
523 1745 742 1809 oblitteratum
764 1758 836 1812 erat
856 1747 1017 1813 vixerunt.

251 1866 294 1931 V·
318 1863 394 1933 465.
437 1854 574 1947 ἑλάβασι
595 1868 618 1931 i.
640 1887 670 1950 q.
695 1855 826 1947 ἕλαβαν,
847 1856 973 1948 {dasian
995 1904 1040 1917 -
1072 1860 1209 1953 φίψανὶ,

120 2012 149 2057 a.
167 1978 303 2072 Ιἔφυγον.
804 2002 807 2007 ’

251 2109 295 2175 V.
318 2108 393 2177 466.
439 2105 601 2194 deciperem
634 2114 722 2197 vulgi
751 2133 839 2177 more
865 2134 925 2200 pro
955 2108 1118 2196 ἀνέμεναν
1142 2118 1162 2180 i.
1187 2136 1209 2181 t.

120 2224 282 2313 ἅνέμεννν.
305 2268 347 2281 -
374 2232 551 2315 σκόρνισαν
571 2236 634 2301 hoc
660 2236 732 2300 loco
760 2237 965 2301 intransitive
993 2259 1055 2325 pro
1083 2230 1209 2319 donecd-

120 2366 261 2433 σβησαν.
285 2355 530 2423 intransitivam
552 2358 647 2442 hujus
669 2360 757 2423 verbi
778 2362 1032 2445 nsmpatienem,
1057 2380 1211 2447 quaeram

120 2489 180 2556 est,
203 2496 382 2541 memorare
402 2479 547 2561 neglexit
570 2479 691 2543 Coraea
717 2473 837 2541 Ἀνακν.
864 2484 956 2549 Tem.
979 2484 1032 2549 lv
1061 2504 1127 2573 ρας.
1148 2482 1207 2547 515

119 2620 146 2663 e.
170 2597 201 2663 h.
224 2618 253 2663 v.
280 2632 324 2647 -
351 2595 459 2681 νῆναν
485 2600 537 2665 vel
568 2597 690 2683 irripere
715 2624 781 2671 eor.
811 2606 900 2671 verbi
924 2595 1031 2689 πόνει).
1081 2608 1131 2673 ct.
1151 2606 1210 2671 eni-

48 2774 58 2797 s
119 2722 373 2787 madvcrsionem
394 2724 436 2787 ed
456 2745 537 2789 vers.
562 2723 637 2791 303.

249 2842 290 2907 V.
314 2841 388 2909 467.
433 2840 450 2905 ὃ
473 2834 556 2922 ἥλιος
578 2835 672 2909 ἕδυσε
694 2849 714 2915 ἰ.
738 2870 766 2913 θ.
789 2839 936 2927 dirimere,
956 2848 1094 2933 κατέδυ,
1116 2855 1145 2918 si
1163 2872 1209 2917 an·

120 2965 281 3043 tiquornm
302 2985 395 3029 usum
415 2970 552 3051 spectes.
597 2970 707 3055 Vulgo
728 2991 816 3037 nune
843 2972 906 3039 hae
932 2976 1068 3039 notione
1095 2970 1114 3039 ὁ
1141 2964 1210 3053 idne

120 3074 308 3161 §enomere
330 3086 450 3167 dicunt,
473 3108 535 3169 que
557 3092 597 3155 de
620 3112 656 3159 re
677 3113 779 3179 panea
798 3096 949 3163 dierendt
966 3098 1091 3163 Cornea
1103 3092 1210 3161 'aroe-

119 3206 210 3269 Tom.
232 3206 267 3271 11
288 3228 362 3292 pag.
385 3208 427 3275 79
449 3222 483 3277 ct
509 3213 600 3279 Tem.
627 3214 678 3279 IV
704 3237 779 3303 peg.
806 3218 858 3285 50.
896 3253 941 3267 -
977 3209 1162 3303 ἒκρυβῆθη,
1182 3228 1212 3283 nt

117 3349 196 3393 vera.
221 3326 296 3393 408.
912 3406 914 3411 Ι

249 3450 293 3514 V.
317 3449 392 3517 toa.
435 3445 515 3562 pedm
535 3477 593 3543 per
614 3461 775 3541 synizeein
796 3482 856 3549 pro
876 3457 967 3546 μίαν,
989 3460 1211 3533 reversaret
1244 3522 1250 3594 ⁴

118 3575 223 3652 Quum
245 3576 399 3639 extremis
424 3574 479 3640 his
502 3592 651 3659 quattuor
672 3587 815 3651 versibus
836 3588 911 3651 inde
938 3608 959 3653 a
986 3590 1094 3655 verbis
1123 3582 1212 3671 φόβον
1247 3602 1250 3667 1

116 3684 215 3753 πολὺν
236 3686 372 3773 §edeam
394 3710 467 3761 00t0
489 3699 639 3784 legantur
661 3708 792 3789 emisti,
814 3711 927 3791 quibus
949 3732 1050 3777 mmm
1071 3714 1212 3802 imperie-
1245 3673 1250 3792 i

117 3826 202 3878 etum
223 3806 389 3896 ‹iee'prevocv
410 3822 591 3887 immixtum
613 3838 677 3907 est,
705 3849 772 3901 nen
799 3852 945 3918 pereum,
974 3836 1056 3916 quin
1082 3836 1212 3905 Davidit

116 3937 276 4016 quandam
303 3941 487 4026 opinionem
515 3967 774 4029 commemorem,
799 3955 836 4021 in
858 3956 959 4043 Mede.
986 3978 1019 4045 p.
1043 3962 1134 4027 omd.
1155 3956 1212 4027 il.

116 4078 165 4143 gr.
194 4060 277 4157 med.
306 4084 337 4148 p.
368 4063 410 4129 83
436 4073 694 4155 pronuntiatem,
721 4096 803 4157 quae
829 4092 862 4143 et
886 4068 963 4143 'vera
992 4096 1043 4149 eat
1071 4096 1108 4151 et
1129 4083 1212 4155 toln
