2684 4740
199 203 271 255 XM}

123 362 127 373 ’
200 374 385 453 Pontificis
411 372 467 448 sui
491 371 598 448 verba
623 373 739 469 jurare
765 380 941 470 cogerent.
990 370 1056 446 [tis
1082 372 1229 447 miseris
1251 373 1308 449 dc·

200 507 353 583 stinaue
377 505 521 581 suerunt
545 503 696 578 miserae
720 501 882 577 Morcadi
906 503 1174 595 InstitutioncS,
1209 506 1307 605 (luas,

199 650 241 715 ut
264 621 462 715 sanctitatis
489 636 664 735 quandam
689 636 845 736 speciem
861 634 1043 725 haberent,
1059 635 1200 711 Mariae
1228 666 1307 713 con·

200 769 391 849 secrandas
409 768 550 843 censuit
564 767 772 844 vaferrimus
790 777 921 841 auctor.
971 767 1144 865 Ejusdem
1172 768 1306 845 farinae

201 902 361 979 Thomae
387 899 550 975 monaehi
580 887 818 973 Grammatico
844 908 911 986 est,
936 925 1027 997 quae
1044 899 1194 978 Parisiis
1213 888 1329 977 auno3

204 1037 297 1109 1709
322 1032 462 1134 prodiit
479 1031 533 1107 sic
557 1030 745 1131 inscripta:
794 1029 995 1122 „Nouvelle
1020 1031 1189 1106 methode
1216 1061 1305 1135 pour

199 1165 399 1267 apprendrc
435 1164 488 1240 les
522 1162 702 1265 principes
737 1161 783 1237 de
815 1160 849 1236 la
885 1161 1014 1263 langue
1049 1189 1208 1264 grecque
1233 1167 1304 1242 rul-

200 1298 329 1397 gaire'’
376 1296 480 1369 Hanc
505 1294 732 1388 (incredibile
757 1294 890 1391 dictu!)
915 1304 1040 1369 nostro
1066 1296 1212 1376 saeculo
1235 1298 1304 1375 Ro-

197 1427 390 1505 bertsonus
415 1425 453 1497 in
477 1423 721 1498 Britannicum
747 1451 947 1500 sermonem
973 1427 1158 1503 convertit
1190 1416 1302 1528 Cujus
1327 1392 1340 1419 Ἰ

197 1557 289 1631 liber
311 1557 407 1631 hunc
431 1553 574 1663 titulum·
598 1555 704 1657 gerit:
730 1556 795 1647 „A
819 1556 962 1630 concise
980 1556 1167 1634 Grammar
1191 1561 1234 1635 os
1245 1561 1303 1636 the

198 1689 347 1765 modern
370 1686 493 1763 Greek
517 1686 689 1787 language
704 1686 753 1786 by
768 1688 1006 1762 Robertson.'’
1023 1689 1182 1764 Londini
1201 1695 1302 1767 1818.

198 1821 258 1895 Ab
281 1819 348 1909 his,
374 1819 437 1919 qui
461 1819 593 1891 nemini
624 1817 765 1918 plaeere
794 1830 962 1920 possunt,
994 1820 1039 1894 ad
1069 1820 1238 1898 meliores
1268 1825 1303 1898 in

197 1951 267 2029 hoc
292 1976 423 2053 genere
444 1949 556 2024 libros
581 1949 778 2023 orationem
795 1960 975 2026 converto.
1012 1951 1303 2029 Commendabilc

198 2094 389 2186 utrumque
414 2093 471 2158 est
494 2081 581 2158 Julii
604 2080 756 2162 Davidis
788 2083 1013 2186 opusculum,
1039 2110 1192 2183 quorum
1218 2087 1304 2160 alte·

197 2243 276 2293 rnrn
299 2216 519 2292 inscribitur:
544 2201 807 2306 „Eiroorcrtxog
823 2212 1142 2320 nopotopttopuig
1158 2223 1222 2318 τῆς
1242 2219 1302 2291 ἑλι·
1338 2286 1340 2295 .

196 2346 373 2452 λψικῆς,
389 2345 452 2422 καὶ
488 2353 685 2448 postumio
719 2343 746 2450 ἢ
782 2346 1084 2450 ἁπλοελληνικῆς
1119 2346 1303 2452 γλώσσης

197 2475 396 2566 συντεθεὶς
418 2473 498 2550 ὑπὸ
520 2473 686 2550 Ἰουλίου
711 2477 843 2577 Δαβίὸ.
876 2481 918 2555 ε’,ν
941 2479 1142 2579 Παρισίοις,
1164 2511 1245 2570 poco
1260 2481 1303 2572 κ’,

197 2607 364 2716 alterum:
388 2606 562 2683 Methone
586 2634 678 2708 pour
704 2608 843 2684 etudier
859 2609 891 2682 la
911 2609 1038 2711 langue
1056 2639 1210 2713 grecque
1227 2640 1303 2687 mo-

189 2740 306 2818 derne
331 2740 520 2848 par-tutes
545 2739 674 2820 David.
706 2742 871 2818 Secunde
897 2741 1039 2818 edition.
1074 2743 1176 2819 Paris
1198 2747 1301 2819 1827.

93 2888 96 2893 '
195 2873 309 2953 Porro
334 2873 496 2972 plerique
521 2897 645 2947 omnes
671 2874 889 2949 Graecorum
915 2876 1132 2974 grammatici
1156 2875 1201 2950 de
1227 2877 1301 2955 vul·
1338 2872 1340 2887 '

195 3004 271 3104 gari
294 3002 414 3098 lingua
436 2999 556 3085 libelli,
582 3001 643 3097 qui
668 3001 737 3072 hoc
760 3013 923 3100 tempore
938 3004 1157 3103 prodierunt,
1182 3008 1301 3109 aliqua
1325 3070 1328 3077 .

196 3159 239 3210 ex
263 3139 366 3233 parte
388 3126 529 3202 laudem
553 3138 752 3219 merentur,
776 3130 813 3202 in
837 3131 954 3228 iisque
987 3136 1177 3235 praecipue
1207 3140 1302 3215 Dar-

194 3263 289 3341 vnrie
327 3270 364 3336 ct
398 3259 588 3337 Rusiadae.
650 3260 821 3337 Darvaris
860 3261 1133 3339 Grammaticam
1172 3295 1302 3365 graece

196 3396 365 3497 scriptam
389 3392 625 3471 Vindobonae
651 3418 744 3468 anno
772 3394 864 3467 1806
890 3392 1091 3495 divulgavit,
1117 3397 1304 3478 Rusiades

195 3527 394 3630 germanice
430 3505 603 3626 scriptum
639 3522 685 3597 de
721 3549 813 3625 nora
829 3546 832 3551 ’
850 3525 1040 3627 graecitate
1077 3551 1168 3627 opus
1203 3553 1301 3607 anno
1338 3568 1340 3607 :

197 3661 291 3735 1834
315 3658 353 3734 in
378 3658 501 3735 eadem
525 3657 617 3733 urbe
639 3655 758 3735 edidit.
812 3656 887 3734 Sed
912 3659 1067 3734 omnium
1094 3658 1226 3761 optime
1253 3664 1300 3739 de

194 3790 419 3892 grammatica
449 3789 591 3891 linguae
624 3783 769 3892 graecae
801 3793 1010 3868 recentioris
1043 3791 1172 3866 meruit
1201 3782 1299 3868 Ada-

193 3921 348 3999 mentius
373 3906 508 3997 Coraes
533 3922 796 4000 Commentario
822 3925 892 4015 illo,
919 3951 991 4026 quo
1014 3896 1195 3999 Theodori
1212 3924 1297 4002 Pto-

194 4053 443 4157 choprodromi
475 4065 638 4154 poemata
673 4058 787 4157 primo
809 4054 1001 4132 ’Λτάκτων
1032 4066 1132 4131 tomo
1161 4058 1295 4135 inserta

193 4189 342 4267 ornavit.
380 4185 466 4287 Quo
491 4187 635 4288 quidem
660 4187 926 4265 Commentario
956 4187 1044 4300 nihil
1075 4189 1202 4267 melius
1233 4217 1295 4267 ne·
