2684 4740
116 202 185 276 109

117 418 182 480 μου
198 392 253 460 hic
266 392 349 457 verti
365 398 484 478 potest:
508 406 532 452 a
548 383 659 451 latere
674 404 756 449 meo.
803 385 890 463 Quid
904 385 1040 472 proprie
1056 384 1105 448 sit
1120 377 1217 464 reond,

118 516 252 606 exposui
273 515 314 581 ad
335 532 416 577 vers.
440 508 493 576 09.

247 636 293 702 V.
315 634 390 701 901.
437 620 662 715 ἒμεγαλῶσανε
693 629 870 715 vulgariter
902 648 963 716 pro
1002 618 1217 711 ε’μεγάλωσαν,

118 762 139 829 3
162 781 246 850 pers.
268 759 313 847 pl.
337 778 404 824 aor.
427 756 499 821 Ind.
522 766 583 821 act.
606 756 695 819 verbi
717 754 833 817 novitii
853 739 1024 833 μεγαλόνω
1042 750 1083 817 h,
1106 775 1133 817 θ,
1157 774 1214 814 ma.
1245 814 1247 845 ἰ

117 903 220 972 gnum
255 879 373 957 reddo,
405 898 548 965 magnus
577 871 640 962 fic,
673 872 840 942 adolesco.
894 876 1091 961 Ducangius
1119 877 1214 939 omnit
1245 862 1247 867 ¹

119 1005 184 1071 hoc
209 1006 354 1082 verbum,
399 1002 456 1065 sad
484 999 661 1065 Somavera
688 1001 725 1063 in
753 999 859 1064 lexico
889 997 1132 1062 Graecoitalico
1160 1019 1211 1062 una

121 1149 193 1193 oum
224 1128 298 1192 aliis
327 1126 430 1189 verbis
458 1124 599 1208 ejusdem
625 1124 737 1209 stirpis
768 1121 963 1210 explanavit.
1023 1119 1077 1184 Cl-
1113 1119 1209 1184 Corais

119 1243 240 1312 ’Arnen
262 1249 352 1312 Torn.
373 1245 425 1309 IV
446 1266 521 1332 pag.
543 1243 609 1310 314
631 1265 716 1328 seqq.
745 1279 790 1292 -
816 1234 1006 1325 e’ppaizmm,
1029 1241 1051 1307 3
1076 1264 1157 1330 pers.
1173 1243 1207 1328 pl.

120 1371 202 1458 Imp.
223 1370 311 1433 verbi
333 1360 473 1449 ἐβγαίνω
494 1388 553 1454 pro
577 1355 742 1448 ἕβγαιναν.
794 1365 844 1430 Cf.
867 1367 909 1430 ad
930 1386 1028 1429 verss.
1056 1362 1121 1431 185
1141 1378 1169 1430 et
1184 1364 1204 1429 9.

118 1528 166 1571 μ-
186 1485 221 1553 rd
249 1483 364 1560 πλάτος
389 1490 445 1553 hic
472 1500 522 1553 est
552 1490 637 1553 idem
670 1492 754 1573 quod
781 1490 866 1578 apud
893 1500 1017 1553 veteres
1048 1481 1203 1566 ἡπλατεῖσ,

118 1611 254 1699 platea,
277 1609 337 1676 oia
356 1607 507 1697 publice.

253 1734 297 1798 V.
320 1731 396 1798 909.
439 1734 492 1801 De
519 1733 670 1799 vocabulo
697 1722 794 1815 polroc
826 1734 897 1798 vide
932 1754 1015 1816 quae
1048 1733 1201 1799 notavimus

122 1857 164 1923 od
185 1876 266 1924 vers·
291 1853 344 1922 14.
369 1890 411 1905 -

253 1979 297 2043 V.
320 1977 396 2044 903.
438 1967 512 2040 ‘eoo
530 1969 631 2060 ’rpage
652 1981 675 2043 i.
698 2001 725 2042 e.
755 1965 834 2040 ὅπου
863 1963 985 2058 ἔτρεχε,
1014 1978 1055 2042 de
1079 1998 1137 2060 qua
1154 1993 1204 2038 rer-

121 2105 234 2167 borum
262 2101 486 2168 inclinatione
503 2102 640 2166 disserui
667 2105 708 2166 ad
736 2077 858 2184 dialogi
884 2120 967 2164 vers.
990 2100 1019 2164 I.
1048 2135 1092 2149 -
1119 2088 1206 2204 {ppei

121 2241 175 2287 roo
196 2226 217 2290 i.
241 2246 269 2289 e.
292 2223 382 2313 cepit
404 2245 487 2290 eum.
531 2225 591 2290 Est
605 2245 680 2288 vero
698 2211 816 2300 ἕπιασε,
833 2225 868 2286 in
884 2244 947 2305 quo
962 2224 1206 2305 synizesisetiam

119 2346 157 2411 in
179 2349 319 2432 pedestri
341 2368 489 2412 sermone
511 2350 600 2411 etin
623 2310 791 2429 colloquiis
814 2368 834 2411 a
856 2344 966 2409 multis
989 2349 1112 2414 servari
1131 2345 1203 2423 solet,

122 2465 143 2532 3
165 2488 250 2554 pers.
273 2469 357 2551 sing.
380 2489 448 2530 aor.
471 2469 543 2531 Ind.
567 2479 628 2530 act.
653 2471 742 2533 verbi
764 2459 881 2545 πιάνω,
902 2470 987 2550 quod
1011 2471 1154 2558 accipitur
1171 2468 1204 2528 dc

121 2610 170 2669 eo,
187 2589 270 2671 quod
292 2602 341 2653 est
364 2586 507 2676 arripio,
529 2586 691 2677 corripio,
712 2587 968 2677 comprehendo,
990 2613 1098 2675 sermo,
1119 2585 1207 2676 copio-

120 2711 278 2800 Exempla
301 2714 455 2796 quaedam
478 2736 520 2779 ex
541 2716 639 2778 medii
661 2717 732 2778 aevi
753 2716 968 2778 monumentis
983 2718 1146 2800 congessit
1155 2713 1205 2777 Du-

122 2839 256 2920 cangius
280 2838 371 2899 Tom.
394 2839 411 2901 l
434 2860 508 2924 pag.
534 2837 630 2914 1165,
653 2840 708 2902 ubi
729 2851 860 2925 praeter
882 2849 1007 2902 rectam
1036 2840 1208 2926 scripturam

122 2970 155 3021 at
177 2958 260 3020 falsa
288 2948 429 3016 πιάυνειν
457 2971 580 3037 exstat,
610 2980 705 3039 quarn
734 2961 823 3024 nullo
850 2961 944 3024 modo
965 2961 1105 3027 tolerari
1125 2980 1207 3048 posse,

122 3075 296 3157 originatio
324 3075 497 3140 locutionis
526 3079 643 3159 vincit,
672 3082 828 3160 siquidem
856 3084 1040 3148 deducenda
1065 3097 1117 3151 est
1137 3102 1208 3148 aro

95 3286 97 3291 μ
119 3207 224 3263 torum
245 3201 340 3263 verbo
362 3192 484 3281 πιέζειν,
507 3201 557 3263 vel
579 3213 615 3264 ut
636 3199 742 3264 Dores
766 3204 926 3285 dixerunt,
949 3196 1083 3279 πιάζειν.
1183 3213 1185 3217 ’

251 3322 296 3387 V.
319 3320 393 3387 904.
438 3311 556 3404 ὕστερα
578 3326 599 3388 i.
623 3347 651 3388 e.
674 3312 815 3405 ὕστερον,
836 3338 872 3388 ut
889 3329 1016 3410 antiqui
1032 3331 1142 3396 dicere
1156 3345 1210 3393 con·

119 3457 300 3511 sueverunt.
324 3479 367 3492 -
387 3437 489 3527 ’opopa'
506 3463 560 3507 rou
581 3468 640 3532 pro
664 3434 785 3528 ἔφαγεν
807 3440 911 3510 αὐτόν.

251 3567 295 3632 V.
318 3566 393 3632 905.
439 3556 623 3649 ἀγριωτάτοι
645 3572 740 3634 metri
763 3592 860 3635 causa
883 3593 944 3658 pru
966 3544 1165 3655 oipqnolrarm.

250 3689 294 3751 V.
318 3689 390 3758 900.
435 3691 486 3755 De
508 3680 670 3772 ξυλόγατα
692 3694 761 3758 dixi
783 3695 824 3760 ad
846 3716 926 3758 vers.
949 3693 1003 3761 87.
1027 3733 1074 3746 —
1097 3693 1167 3761 ’ποῦ
1180 3689 1214 3754 ’νε

117 3830 176 3895 pro
201 3801 279 3869 ὀποῦ
302 3797 381 3871 iae..

249 3929 293 3994 V.
316 3929 391 3996 907.
436 3927 560 4017 παγίδα
582 3939 715 4037 antiquo
738 3940 935 4024 significatu.
987 3940 1101 4010 Hodie
1123 3947 1218 4010 dicunt

119 4053 157 4118 in
179 4051 308 4136 vulgari
329 4074 477 4121 sermone
499 4051 518 4134 ἡ
539 4051 680 4140 παγίδα,
701 4058 754 4137 τῆς
775 4053 915 4145 rapidae
935 4083 995 4150 pro
1019 4061 1139 4153 παγίς,
1161 4059 1219 4136 {roe

115 4209 160 4224 ··
182 4166 323 4256 oppipare,
346 4178 477 4262 antique
499 4173 629 4263 mpeipa.
675 4181 751 4248 Vid.
775 4188 817 4253 ad
839 4206 921 4250 vers.
945 4182 999 4251 74.
1024 4224 1071 4240 -
