<?xml version="1.0" encoding="UTF-8"?>
<!DOCTYPE html PUBLIC "-//W3C//DTD XHTML 1.0 Transitional//EN"
    "http://www.w3.org/TR/xhtml1/DTD/xhtml1-transitional.dtd">
<html xmlns="http://www.w3.org/1999/xhtml" xml:lang="en" lang="en">
 <head>
  <title>
</title>
<meta http-equiv="Content-Type" content="text/html;charset=utf-8" />
  <meta name='ocr-system' content='tesseract 3.04.00' />
  <meta name='ocr-capabilities' content='ocr_page ocr_carea ocr_par ocr_line ocrx_word'/>
</head>
<body>
  <div class='ocr_page' id='page_1' title='image "./demetriizenipar00mullgoog_0247.png"; bbox 0 0 2684 4740; ppageno 0'>
   <div class='ocr_carea' id='block_1_1' title="bbox 208 170 278 243">
    <p class='ocr_par' dir='ltr' id='par_1_1' title="bbox 208 170 278 243">
     <span class='ocr_line' id='line_1_1' title="bbox 208 170 278 243; baseline -0.029 0"><span class='ocrx_word' id='word_1_1' title='bbox 208 170 278 243; x_wconf 54' lang='lat'><strong>¹150</strong></span> 
     </span>
    </p>
   </div>
   <div class='ocr_carea' id='block_1_2' title="bbox 203 358 1336 3405">
    <p class='ocr_par' dir='ltr' id='par_1_2' title="bbox 203 358 1336 3405">
     <span class='ocr_line' id='line_1_2' title="bbox 209 358 1311 448; baseline 0.004 -23"><span class='ocrx_word' id='word_1_2' title='bbox 209 358 366 444; x_wconf 65' lang='lat' dir='ltr'><strong>s&#39;ordjsnc,</strong></span> <span class='ocrx_word' id='word_1_3' title='bbox 395 365 428 427; x_wconf 89' lang='lat' dir='ltr'><strong>id</strong></span> <span class='ocrx_word' id='word_1_4' title='bbox 458 366 539 446; x_wconf 88' lang='lat' dir='ltr'><strong>quod</strong></span> <span class='ocrx_word' id='word_1_5' title='bbox 568 384 609 427; x_wconf 91' lang='lat' dir='ltr'><strong>uc</strong></span> <span class='ocrx_word' id='word_1_6' title='bbox 639 364 674 425; x_wconf 90' lang='lat' dir='ltr'><strong>in</strong></span> <span class='ocrx_word' id='word_1_7' title='bbox 703 361 864 424; x_wconf 88' lang='lat' dir='ltr'><strong>ditissima</strong></span> <span class='ocrx_word' id='word_1_8' title='bbox 887 360 1013 441; x_wconf 87' lang='lat' dir='ltr'><strong>quidem</strong></span> <span class='ocrx_word' id='word_1_9' title='bbox 1035 370 1179 425; x_wconf 85' lang='lat' dir='ltr'><strong>veterum</strong></span> <span class='ocrx_word' id='word_1_10' title='bbox 1202 362 1311 448; x_wconf 81' lang='lat' dir='ltr'><strong>lingna</strong></span> 
     </span>
     <span class='ocr_line' id='line_1_3' title="bbox 209 471 1310 572; baseline -0.002 -18"><span class='ocrx_word' id='word_1_11' title='bbox 209 488 373 554; x_wconf 86' lang='lat' dir='ltr'><strong>commode</strong></span> <span class='ocrx_word' id='word_1_12' title='bbox 395 486 468 550; x_wconf 82' lang='lat' dir='ltr'><strong>fieri</strong></span> <span class='ocrx_word' id='word_1_13' title='bbox 489 497 625 572; x_wconf 90' lang='lat' dir='ltr'><strong>poterat.</strong></span> <span class='ocrx_word' id='word_1_14' title='bbox 670 483 794 569; x_wconf 81' lang='lat' dir='ltr'>Nempe</span> <span class='ocrx_word' id='word_1_15' title='bbox 816 471 855 559; x_wconf 72' lang='grc' dir='ltr'><strong>ἦν</strong></span> <span class='ocrx_word' id='word_1_16' title='bbox 876 483 911 546; x_wconf 92' lang='lat' dir='ltr'><strong>in</strong></span> <span class='ocrx_word' id='word_1_17' title='bbox 924 485 1128 567; x_wconf 86' lang='lat' dir='ltr'><strong>antiquorum</strong></span> <span class='ocrx_word' id='word_1_18' title='bbox 1144 484 1240 549; x_wconf 86' lang='lat' dir='ltr'><strong>libris</strong></span> <span class='ocrx_word' id='word_1_19' title='bbox 1250 508 1310 553; x_wconf 86' lang='lat' dir='ltr'><strong>uon</strong></span> 
     </span>
     <span class='ocr_line' id='line_1_4' title="bbox 208 601 1309 697; baseline -0.002 -19"><span class='ocrx_word' id='word_1_20' title='bbox 208 615 313 697; x_wconf 82' lang='lat' dir='ltr'><strong>magis</strong></span> <span class='ocrx_word' id='word_1_21' title='bbox 336 623 423 674; x_wconf 88' lang='lat' dir='ltr'><strong>recte</strong></span> <span class='ocrx_word' id='word_1_22' title='bbox 445 610 580 672; x_wconf 86' lang='lat' dir='ltr'><strong>vertitur</strong></span> <span class='ocrx_word' id='word_1_23' title='bbox 601 630 709 681; x_wconf 70' lang='lat' dir='ltr'><strong>curun,</strong></span> <span class='ocrx_word' id='word_1_24' title='bbox 731 628 826 689; x_wconf 84' lang='lat' dir='ltr'><strong>quam</strong></span> <span class='ocrx_word' id='word_1_25' title='bbox 838 601 912 694; x_wconf 80' lang='lat' dir='ltr'><strong>fui·</strong></span> <span class='ocrx_word' id='word_1_26' title='bbox 959 608 1031 683; x_wconf 82' lang='lat' dir='ltr'><strong>Quo</strong></span> <span class='ocrx_word' id='word_1_27' title='bbox 1060 608 1099 671; x_wconf 88' lang='lat' dir='ltr'><strong>de</strong></span> <span class='ocrx_word' id='word_1_28' title='bbox 1123 628 1309 693; x_wconf 84' lang='lat' dir='ltr'><strong>argumento</strong></span> 
     </span>
     <span class='ocr_line' id='line_1_5' title="bbox 209 727 1305 817; baseline -0.003 -17"><span class='ocrx_word' id='word_1_29' title='bbox 209 738 257 801; x_wconf 83' lang='lat' dir='ltr'><strong>sic</strong></span> <span class='ocrx_word' id='word_1_30' title='bbox 278 735 392 798; x_wconf 81' lang='lat' dir='ltr'><strong>statuit</strong></span> <span class='ocrx_word' id='word_1_31' title='bbox 413 732 619 796; x_wconf 85' lang='lat' dir='ltr'><strong>Hermannus</strong></span> <span class='ocrx_word' id='word_1_32' title='bbox 642 732 749 795; x_wconf 81' lang='lat' dir='ltr'><strong>l&#39;raef.</strong></span> <span class='ocrx_word' id='word_1_33' title='bbox 765 731 807 794; x_wconf 88' lang='lat' dir='ltr'><strong>ad</strong></span> <span class='ocrx_word' id='word_1_34' title='bbox 822 727 925 816; x_wconf 89' lang='lat' dir='ltr'><strong>Soplr.</strong></span> <span class='ocrx_word' id='word_1_35' title='bbox 941 730 1021 792; x_wconf 92' lang='lat' dir='ltr'><strong>Oed.</strong></span> <span class='ocrx_word' id='word_1_36' title='bbox 1034 731 1113 813; x_wconf 74' lang='lat' dir='ltr'><strong>Tyr.</strong></span> <span class='ocrx_word' id='word_1_37' title='bbox 1126 752 1157 817; x_wconf 91' lang='lat' dir='ltr'><strong>p.</strong></span> <span class='ocrx_word' id='word_1_38' title='bbox 1169 730 1305 799; x_wconf 87' lang='lat' dir='ltr'><strong>XVlll.:</strong></span> 
     </span>
     <span class='ocr_line' id='line_1_6' title="bbox 210 852 1303 944; baseline 0.001 -22"><span class='ocrx_word' id='word_1_39' title='bbox 210 859 316 944; x_wconf 81' lang='lat' dir='ltr'><strong>„Ipsa</strong></span> <span class='ocrx_word' id='word_1_40' title='bbox 336 858 423 920; x_wconf 84' lang='lat' dir='ltr'><strong>verbi</strong></span> <span class='ocrx_word' id='word_1_41' title='bbox 446 854 535 918; x_wconf 90' lang='lat' dir='ltr'><strong>illius</strong></span> <span class='ocrx_word' id='word_1_42' title='bbox 557 857 648 918; x_wconf 91' lang='lat' dir='ltr'><strong>notio</strong></span> <span class='ocrx_word' id='word_1_43' title='bbox 671 854 791 935; x_wconf 76' lang='lat' dir='ltr'><strong>aliquid</strong></span> <span class='ocrx_word' id='word_1_44' title='bbox 815 852 1015 916; x_wconf 88' lang='lat' dir='ltr'><strong>difficultatis</strong></span> <span class='ocrx_word' id='word_1_45' title='bbox 1038 868 1134 936; x_wconf 84' lang='lat' dir='ltr'><strong>atque</strong></span> <span class='ocrx_word' id='word_1_46' title='bbox 1158 860 1303 941; x_wconf 81' lang='lat' dir='ltr'><strong>arnbigui·</strong></span> 
     </span>
     <span class='ocr_line' id='line_1_7' title="bbox 210 977 1301 1062; baseline 0.001 -17"><span class='ocrx_word' id='word_1_47' title='bbox 210 983 289 1045; x_wconf 90' lang='lat' dir='ltr'><strong>tatis</strong></span> <span class='ocrx_word' id='word_1_48' title='bbox 311 979 418 1059; x_wconf 81' lang='lat' dir='ltr'><strong>lrabet,</strong></span> <span class='ocrx_word' id='word_1_49' title='bbox 441 999 537 1060; x_wconf 89' lang='lat' dir='ltr'><strong>quum</strong></span> <span class='ocrx_word' id='word_1_50' title='bbox 560 981 629 1061; x_wconf 87' lang='lat' dir='ltr'><strong>ejus</strong></span> <span class='ocrx_word' id='word_1_51' title='bbox 652 980 807 1041; x_wconf 89' lang='lat' dir='ltr'><strong>aoristnm</strong></span> <span class='ocrx_word' id='word_1_52' title='bbox 837 988 868 1039; x_wconf 92' lang='lat' dir='ltr'><strong>et</strong></span> <span class='ocrx_word' id='word_1_53' title='bbox 890 977 1110 1062; x_wconf 87' lang='lat' dir='ltr'><strong>imperfectum</strong></span> <span class='ocrx_word' id='word_1_54' title='bbox 1134 980 1301 1047; x_wconf 86' lang='lat' dir='ltr'><strong>discernere</strong></span> 
     </span>
     <span class='ocr_line' id='line_1_8' title="bbox 210 1099 1336 1186; baseline 0.003 -19"><span class='ocrx_word' id='word_1_55' title='bbox 210 1104 363 1168; x_wconf 81' lang='lat' dir='ltr'><strong>volumus.</strong></span> <span class='ocrx_word' id='word_1_56' title='bbox 410 1106 516 1179; x_wconf 73' lang='lat' dir='ltr'><strong>Quum</strong></span> <span class='ocrx_word' id='word_1_57' title='bbox 546 1104 632 1165; x_wconf 86' lang='lat' dir='ltr'><strong>enim</strong></span> <span class='ocrx_word' id='word_1_58' title='bbox 660 1121 733 1165; x_wconf 81' lang='lat' dir='ltr'><strong>esse</strong></span> <span class='ocrx_word' id='word_1_59' title='bbox 760 1113 879 1164; x_wconf 85' lang='lat' dir='ltr'><strong>statum</strong></span> <span class='ocrx_word' id='word_1_60' title='bbox 907 1099 1046 1180; x_wconf 81' lang='lat' dir='ltr'>aliquem</span> <span class='ocrx_word' id='word_1_61' title='bbox 1074 1118 1299 1186; x_wconf 75' lang='lat' dir='ltr'><strong>permanentem</strong></span> <span class='ocrx_word' id='word_1_62' title='bbox 1334 1100 1336 1111; x_wconf 78' lang='lat'>&#39;</span> 
     </span>
     <span class='ocr_line' id='line_1_9' title="bbox 210 1221 1296 1315; baseline 0 -23"><span class='ocrx_word' id='word_1_63' title='bbox 210 1228 343 1307; x_wconf 85' lang='lat' dir='ltr'><strong>indicet,</strong></span> <span class='ocrx_word' id='word_1_64' title='bbox 366 1246 466 1307; x_wconf 90' lang='lat' dir='ltr'><strong>aeque</strong></span> <span class='ocrx_word' id='word_1_65' title='bbox 488 1237 521 1289; x_wconf 91' lang='lat' dir='ltr'><strong>et</strong></span> <span class='ocrx_word' id='word_1_66' title='bbox 543 1226 578 1289; x_wconf 91' lang='lat' dir='ltr'><strong>in</strong></span> <span class='ocrx_word' id='word_1_67' title='bbox 602 1227 724 1289; x_wconf 88' lang='lat' dir='ltr'><strong>aoristo</strong></span> <span class='ocrx_word' id='word_1_68' title='bbox 747 1221 828 1286; x_wconf 90' lang='lat' dir='ltr'><strong>haec</strong></span> <span class='ocrx_word' id='word_1_69' title='bbox 850 1224 899 1286; x_wconf 88' lang='lat' dir='ltr'><strong>vis</strong></span> <span class='ocrx_word' id='word_1_70' title='bbox 923 1224 1025 1303; x_wconf 90' lang='lat' dir='ltr'><strong>inest,</strong></span> <span class='ocrx_word' id='word_1_71' title='bbox 1049 1236 1081 1287; x_wconf 89' lang='lat' dir='ltr'><strong>et</strong></span> <span class='ocrx_word' id='word_1_72' title='bbox 1104 1225 1141 1288; x_wconf 90' lang='lat' dir='ltr'><strong>in</strong></span> <span class='ocrx_word' id='word_1_73' title='bbox 1170 1229 1296 1315; x_wconf 82' lang='lat' dir='ltr'><strong>imperfe</strong></span> 
     </span>
     <span class='ocr_line' id='line_1_10' title="bbox 211 1347 1295 1435; baseline 0.004 -22"><span class='ocrx_word' id='word_1_74' title='bbox 211 1360 279 1430; x_wconf 85' lang='lat' dir='ltr'><strong>cto,</strong></span> <span class='ocrx_word' id='word_1_75' title='bbox 307 1351 365 1413; x_wconf 85' lang='lat' dir='ltr'><strong>sed</strong></span> <span class='ocrx_word' id='word_1_76' title='bbox 394 1371 433 1411; x_wconf 92' lang='lat' dir='ltr'><strong>eo</strong></span> <span class='ocrx_word' id='word_1_77' title='bbox 462 1349 664 1428; x_wconf 77' lang='lat' dir='ltr'><strong>discrimine,</strong></span> <span class='ocrx_word' id='word_1_78' title='bbox 694 1347 777 1429; x_wconf 89' lang='lat' dir='ltr'><strong>quod</strong></span> <span class='ocrx_word' id='word_1_79' title='bbox 807 1349 842 1409; x_wconf 88' lang='lat' dir='ltr'><strong>in</strong></span> <span class='ocrx_word' id='word_1_80' title='bbox 865 1347 1051 1435; x_wconf 84' lang='lat' dir='ltr'><strong>imperfecto</strong></span> <span class='ocrx_word' id='word_1_81' title='bbox 1073 1347 1167 1413; x_wconf 83' lang='lat' dir='ltr'><strong>alind</strong></span> <span class='ocrx_word' id='word_1_82' title='bbox 1189 1352 1295 1434; x_wconf 85' lang='lat' dir='ltr'><strong>aliquod</strong></span> 
     </span>
     <span class='ocr_line' id='line_1_11' title="bbox 211 1470 1295 1558; baseline 0.001 -22"><span class='ocrx_word' id='word_1_83' title='bbox 211 1485 336 1558; x_wconf 88' lang='lat' dir='ltr'><strong>tempus</strong></span> <span class='ocrx_word' id='word_1_84' title='bbox 358 1471 495 1554; x_wconf 86' lang='lat' dir='ltr'><strong>cogitari</strong></span> <span class='ocrx_word' id='word_1_85' title='bbox 517 1492 648 1534; x_wconf 87' lang='lat' dir='ltr'><strong>necesse</strong></span> <span class='ocrx_word' id='word_1_86' title='bbox 671 1482 730 1549; x_wconf 89' lang='lat' dir='ltr'><strong>est,</strong></span> <span class='ocrx_word' id='word_1_87' title='bbox 754 1491 815 1551; x_wconf 90' lang='lat' dir='ltr'><strong>quo</strong></span> <span class='ocrx_word' id='word_1_88' title='bbox 840 1470 914 1550; x_wconf 89' lang='lat' dir='ltr'><strong>quid</strong></span> <span class='ocrx_word' id='word_1_89' title='bbox 938 1470 1044 1545; x_wconf 86' lang='lat' dir='ltr'><strong>fuerit,</strong></span> <span class='ocrx_word' id='word_1_90' title='bbox 1066 1472 1103 1533; x_wconf 94' lang='lat' dir='ltr'><strong>in</strong></span> <span class='ocrx_word' id='word_1_91' title='bbox 1126 1476 1295 1539; x_wconf 86' lang='lat' dir='ltr'><strong>aoristoau·</strong></span> 
     </span>
     <span class='ocr_line' id='line_1_12' title="bbox 210 1590 1294 1679; baseline 0.004 -21"><span class='ocrx_word' id='word_1_92' title='bbox 210 1608 276 1658; x_wconf 83' lang='lat' dir='ltr'><strong>tem</strong></span> <span class='ocrx_word' id='word_1_93' title='bbox 305 1593 435 1659; x_wconf 86' lang='lat' dir='ltr'><strong>infinite</strong></span> <span class='ocrx_word' id='word_1_94' title='bbox 465 1594 540 1675; x_wconf 87' lang='lat' dir='ltr'><strong>quid</strong></span> <span class='ocrx_word' id='word_1_95' title='bbox 569 1592 780 1675; x_wconf 82' lang='lat' dir='ltr'><strong>intelligitur,</strong></span> <span class='ocrx_word' id='word_1_96' title='bbox 809 1590 917 1672; x_wconf 90' lang='lat' dir='ltr'><strong>aliquo</strong></span> <span class='ocrx_word' id='word_1_97' title='bbox 946 1604 1090 1678; x_wconf 90' lang='lat' dir='ltr'><strong>tempore</strong></span> <span class='ocrx_word' id='word_1_98' title='bbox 1108 1599 1180 1679; x_wconf 76' lang='lat' dir='ltr'><strong>J&#39;am</strong></span> <span class='ocrx_word' id='word_1_99' title='bbox 1200 1611 1294 1661; x_wconf 81' lang='lat' dir='ltr'><strong>exacto</strong></span> 
     </span>
     <span class='ocr_line' id='line_1_13' title="bbox 209 1715 1293 1801; baseline 0.003 -21"><span class='ocrx_word' id='word_1_100' title='bbox 209 1717 317 1780; x_wconf 85' lang='lat' dir='ltr'><strong>fuisse.</strong></span> <span class='ocrx_word' id='word_1_101' title='bbox 364 1718 436 1792; x_wconf 83' lang='lat' dir='ltr'><strong>Quo</strong></span> <span class='ocrx_word' id='word_1_102' title='bbox 459 1715 508 1795; x_wconf 90' lang='lat' dir='ltr'><strong>lit,</strong></span> <span class='ocrx_word' id='word_1_103' title='bbox 531 1727 566 1778; x_wconf 91' lang='lat' dir='ltr'><strong>ut</strong></span> <span class='ocrx_word' id='word_1_104' title='bbox 587 1736 685 1797; x_wconf 85' lang='lat' dir='ltr'><strong>quum</strong></span> <span class='ocrx_word' id='word_1_105' title='bbox 705 1727 947 1800; x_wconf 89' lang='lat' dir='ltr'><strong>permanentem</strong></span> <span class='ocrx_word' id='word_1_106' title='bbox 974 1715 1068 1779; x_wconf 88' lang='lat' dir='ltr'><strong>illum</strong></span> <span class='ocrx_word' id='word_1_107' title='bbox 1097 1731 1225 1801; x_wconf 89' lang='lat' dir='ltr'><strong>statum,</strong></span> <span class='ocrx_word' id='word_1_108' title='bbox 1248 1722 1293 1801; x_wconf 87' lang='lat' dir='ltr'><strong>qui</strong></span> 
     </span>
     <span class='ocr_line' id='line_1_14' title="bbox 211 1838 1294 1929; baseline 0.005 -26"><span class='ocrx_word' id='word_1_109' title='bbox 211 1841 298 1904; x_wconf 86' lang='lat' dir='ltr'><strong>verbi</strong></span> <span class='ocrx_word' id='word_1_110' title='bbox 322 1841 456 1904; x_wconf 90' lang='lat' dir='ltr'><strong>notione</strong></span> <span class='ocrx_word' id='word_1_111' title='bbox 478 1841 671 1913; x_wconf 79' lang='lat' dir='ltr'><strong>continetur,</strong></span> <span class='ocrx_word' id='word_1_112' title='bbox 694 1858 761 1900; x_wconf 89' lang='lat' dir='ltr'><strong>non</strong></span> <span class='ocrx_word' id='word_1_113' title='bbox 786 1838 936 1901; x_wconf 91' lang='lat' dir='ltr'><strong>adalind</strong></span> <span class='ocrx_word' id='word_1_114' title='bbox 959 1843 1170 1923; x_wconf 86' lang='lat' dir='ltr'><strong>praeteritum</strong></span> <span class='ocrx_word' id='word_1_115' title='bbox 1192 1856 1294 1929; x_wconf 76' lang='lat' dir='ltr'><strong>tempus</strong></span> 
     </span>
     <span class='ocr_line' id='line_1_15' title="bbox 209 1961 1295 2049; baseline 0.003 -23"><span class='ocrx_word' id='word_1_116' title='bbox 209 1966 394 2041; x_wconf 82' lang='lat' dir='ltr'><strong>referimus,</strong></span> <span class='ocrx_word' id='word_1_117' title='bbox 418 1963 473 2026; x_wconf 89' lang='lat' dir='ltr'><strong>sed</strong></span> <span class='ocrx_word' id='word_1_118' title='bbox 495 1962 686 2049; x_wconf 88' lang='lat' dir='ltr'><strong>simpliciter</strong></span> <span class='ocrx_word' id='word_1_119' title='bbox 714 1975 749 2023; x_wconf 90' lang='lat' dir='ltr'><strong>ut</strong></span> <span class='ocrx_word' id='word_1_120' title='bbox 771 1961 943 2042; x_wconf 87' lang='lat' dir='ltr'><strong>aliquando</strong></span> <span class='ocrx_word' id='word_1_121' title='bbox 972 1961 1104 2027; x_wconf 80' lang='lat' dir='ltr'><strong>finitum</strong></span> <span class='ocrx_word' id='word_1_122' title='bbox 1131 1987 1229 2049; x_wconf 87' lang='lat' dir='ltr'><strong>neque</strong></span> <span class='ocrx_word' id='word_1_123' title='bbox 1252 1967 1295 2029; x_wconf 85' lang='lat' dir='ltr'><strong>ad·</strong></span> 
     </span>
     <span class='ocr_line' id='line_1_16' title="bbox 209 2071 1293 2164; baseline 0.005 -16"><span class='ocrx_word' id='word_1_124' title='bbox 209 2086 273 2150; x_wconf 85' lang='lat' dir='ltr'><strong>lruc</strong></span> <span class='ocrx_word' id='word_1_125' title='bbox 295 2088 463 2149; x_wconf 86' lang='lat' dir='ltr'><strong>durantem</strong></span> <span class='ocrx_word' id='word_1_126' title='bbox 486 2104 780 2164; x_wconf 84' lang='lat' dir='ltr'><strong>commemoramus,</strong></span> <span class='ocrx_word' id='word_1_127' title='bbox 804 2097 889 2147; x_wconf 89' lang='lat' dir='ltr'><strong>recte</strong></span> <span class='ocrx_word' id='word_1_128' title='bbox 912 2071 1034 2148; x_wconf 87' lang='lat' dir='ltr'><strong>aoristo</strong></span> <span class='ocrx_word' id='word_1_129' title='bbox 1056 2088 1217 2152; x_wconf 49' lang='lat' dir='ltr'><strong>utamur?¹</strong></span> <span class='ocrx_word' id='word_1_130' title='bbox 1245 2090 1293 2153; x_wconf 79' lang='lat' dir='ltr'><strong>tte-</strong></span> 
     </span>
     <span class='ocr_line' id='line_1_17' title="bbox 208 2208 1292 2289; baseline 0.002 -16"><span class='ocrx_word' id='word_1_131' title='bbox 208 2210 290 2273; x_wconf 91' lang='lat' dir='ltr'><strong>mini</strong></span> <span class='ocrx_word' id='word_1_132' title='bbox 312 2210 442 2273; x_wconf 86' lang='lat' dir='ltr'><strong>dubium</strong></span> <span class='ocrx_word' id='word_1_133' title='bbox 464 2210 631 2289; x_wconf 85' lang='lat' dir='ltr'><strong>videbitur,</strong></span> <span class='ocrx_word' id='word_1_134' title='bbox 655 2208 733 2289; x_wconf 89' lang='lat' dir='ltr'><strong>quin</strong></span> <span class='ocrx_word' id='word_1_135' title='bbox 756 2209 838 2288; x_wconf 89' lang='lat' dir='ltr'><strong>quod</strong></span> <span class='ocrx_word' id='word_1_136' title='bbox 860 2208 1008 2271; x_wconf 76' lang='lat' dir='ltr'><strong>universo</strong></span> <span class='ocrx_word' id='word_1_137' title='bbox 1037 2210 1233 2277; x_wconf 87' lang='lat' dir='ltr'><strong>clarissimus</strong></span> <span class='ocrx_word' id='word_1_138' title='bbox 1250 2212 1292 2277; x_wconf 88' lang='lat' dir='ltr'><strong>ille</strong></span> 
     </span>
     <span class='ocr_line' id='line_1_18' title="bbox 208 2331 1293 2423; baseline 0.002 -28"><span class='ocrx_word' id='word_1_139' title='bbox 208 2334 257 2395; x_wconf 89' lang='lat' dir='ltr'><strong>vir</strong></span> <span class='ocrx_word' id='word_1_140' title='bbox 280 2333 317 2394; x_wconf 90' lang='lat' dir='ltr'><strong>de</strong></span> <span class='ocrx_word' id='word_1_141' title='bbox 340 2335 434 2395; x_wconf 87' lang='lat' dir='ltr'><strong>verbo</strong></span> <span class='ocrx_word' id='word_1_142' title='bbox 457 2334 655 2396; x_wconf 86' lang='lat' dir='ltr'><strong>substantivo</strong></span> <span class='ocrx_word' id='word_1_143' title='bbox 679 2331 778 2409; x_wconf 84' lang='lat' dir='ltr'><strong>dixit,</strong></span> <span class='ocrx_word' id='word_1_144' title='bbox 808 2332 1008 2394; x_wconf 88' lang='lat' dir='ltr'><strong>verissimum</strong></span> <span class='ocrx_word' id='word_1_145' title='bbox 1038 2355 1110 2397; x_wconf 87' lang='lat' dir='ltr'><strong>esse</strong></span> <span class='ocrx_word' id='word_1_146' title='bbox 1140 2338 1293 2423; x_wconf 88' lang='lat' dir='ltr'><strong>putandum</strong></span> 
     </span>
     <span class='ocr_line' id='line_1_19' title="bbox 207 2448 1292 2543; baseline 0.006 -28"><span class='ocrx_word' id='word_1_147' title='bbox 207 2455 259 2515; x_wconf 86' lang='lat' dir='ltr'><strong>sit.</strong></span> <span class='ocrx_word' id='word_1_148' title='bbox 305 2452 345 2514; x_wconf 85' lang='lat' dir='ltr'><strong>Si</strong></span> <span class='ocrx_word' id='word_1_149' title='bbox 368 2456 468 2535; x_wconf 84' lang='lat' dir='ltr'><strong>igitur</strong></span> <span class='ocrx_word' id='word_1_150' title='bbox 489 2474 549 2538; x_wconf 91' lang='lat' dir='ltr'><strong>pro</strong></span> <span class='ocrx_word' id='word_1_151' title='bbox 574 2463 660 2514; x_wconf 91' lang='lat' dir='ltr'><strong>certo</strong></span> <span class='ocrx_word' id='word_1_152' title='bbox 684 2451 848 2532; x_wconf 86' lang='lat' dir='ltr'><strong>habemus,</strong></span> <span class='ocrx_word' id='word_1_153' title='bbox 871 2448 990 2518; x_wconf 83' lang='lat' dir='ltr'><strong>statum</strong></span> <span class='ocrx_word' id='word_1_154' title='bbox 1005 2476 1240 2543; x_wconf 84' lang='lat' dir='ltr'><strong>permanentem</strong></span> <span class='ocrx_word' id='word_1_155' title='bbox 1252 2462 1292 2522; x_wconf 92' lang='lat' dir='ltr'><strong>in-</strong></span> 
     </span>
     <span class='ocr_line' id='line_1_20' title="bbox 207 2572 1293 2664; baseline 0.008 -28"><span class='ocrx_word' id='word_1_156' title='bbox 207 2574 312 2637; x_wconf 89' lang='lat' dir='ltr'><strong>dicari</strong></span> <span class='ocrx_word' id='word_1_157' title='bbox 336 2576 430 2637; x_wconf 85' lang='lat' dir='ltr'><strong>rerho</strong></span> <span class='ocrx_word' id='word_1_158' title='bbox 453 2595 536 2649; x_wconf 82' lang='lat' dir='ltr'><strong>csse,</strong></span> <span class='ocrx_word' id='word_1_159' title='bbox 558 2574 690 2656; x_wconf 86' lang='lat' dir='ltr'><strong>ideoque</strong></span> <span class='ocrx_word' id='word_1_160' title='bbox 720 2572 806 2637; x_wconf 82' lang='lat' dir='ltr'><strong>hanc</strong></span> <span class='ocrx_word' id='word_1_161' title='bbox 834 2576 898 2639; x_wconf 88' lang='lat' dir='ltr'><strong>vim</strong></span> <span class='ocrx_word' id='word_1_162' title='bbox 926 2578 1048 2664; x_wconf 89' lang='lat' dir='ltr'><strong>pariter</strong></span> <span class='ocrx_word' id='word_1_163' title='bbox 1077 2583 1115 2644; x_wconf 90' lang='lat' dir='ltr'><strong>in</strong></span> <span class='ocrx_word' id='word_1_164' title='bbox 1138 2586 1250 2647; x_wconf 88' lang='lat' dir='ltr'><strong>aoristo</strong></span> <span class='ocrx_word' id='word_1_165' title='bbox 1267 2596 1293 2645; x_wconf 85' lang='lat' dir='ltr'><strong>et</strong></span> 
     </span>
     <span class='ocr_line' id='line_1_21' title="bbox 205 2699 1291 2789; baseline 0.006 -29"><span class='ocrx_word' id='word_1_166' title='bbox 205 2699 241 2761; x_wconf 90' lang='lat' dir='ltr'><strong>in</strong></span> <span class='ocrx_word' id='word_1_167' title='bbox 266 2699 451 2784; x_wconf 88' lang='lat' dir='ltr'><strong>imperfecto</strong></span> <span class='ocrx_word' id='word_1_168' title='bbox 474 2699 626 2776; x_wconf 88' lang='lat' dir='ltr'><strong>inveniri,</strong></span> <span class='ocrx_word' id='word_1_169' title='bbox 650 2710 758 2765; x_wconf 82' lang='lat' dir='ltr'><strong>tatnen</strong></span> <span class='ocrx_word' id='word_1_170' title='bbox 776 2700 939 2782; x_wconf 88' lang='lat' dir='ltr'><strong>utriusque</strong></span> <span class='ocrx_word' id='word_1_171' title='bbox 956 2707 1112 2789; x_wconf 84' lang='lat' dir='ltr'><strong>temporis</strong></span> <span class='ocrx_word' id='word_1_172' title='bbox 1129 2708 1291 2781; x_wconf 82' lang='lat' dir='ltr'><strong>discrimen,</strong></span> 
     </span>
     <span class='ocr_line' id='line_1_22' title="bbox 205 2794 1295 2913; baseline 0.006 -29"><span class='ocrx_word' id='word_1_173' title='bbox 205 2823 289 2905; x_wconf 88' lang='lat' dir='ltr'><strong>qnod</strong></span> <span class='ocrx_word' id='word_1_174' title='bbox 318 2824 348 2885; x_wconf 89' lang='lat' dir='ltr'><strong>ei</strong></span> <span class='ocrx_word' id='word_1_175' title='bbox 377 2822 498 2905; x_wconf 89' lang='lat' dir='ltr'><strong>placet,</strong></span> <span class='ocrx_word' id='word_1_176' title='bbox 528 2820 609 2884; x_wconf 84' lang='lat' dir='ltr'><strong>milri</strong></span> <span class='ocrx_word' id='word_1_177' title='bbox 639 2794 707 2883; x_wconf 71' lang='lat' dir='ltr'><strong>noti</strong></span> <span class='ocrx_word' id='word_1_178' title='bbox 728 2823 767 2883; x_wconf 82' lang='lat' dir='ltr'><strong>ab</strong></span> <span class='ocrx_word' id='word_1_179' title='bbox 791 2825 878 2885; x_wconf 90' lang='lat' dir='ltr'><strong>omni</strong></span> <span class='ocrx_word' id='word_1_180' title='bbox 900 2838 992 2909; x_wconf 90' lang='lat' dir='ltr'><strong>parte</strong></span> <span class='ocrx_word' id='word_1_181' title='bbox 1014 2831 1182 2913; x_wconf 87' lang='lat' dir='ltr'><strong>probatur.</strong></span> <span class='ocrx_word' id='word_1_182' title='bbox 1207 2828 1295 2895; x_wconf 79' lang='lat' dir='ltr'><strong>‘llili</strong></span> 
     </span>
     <span class='ocr_line' id='line_1_23' title="bbox 204 2942 1294 3041; baseline 0.011 -35"><span class='ocrx_word' id='word_1_183' title='bbox 204 2944 291 3007; x_wconf 90' lang='lat' dir='ltr'><strong>enim</strong></span> <span class='ocrx_word' id='word_1_184' title='bbox 314 2945 438 3005; x_wconf 89' lang='lat' dir='ltr'><strong>videtur</strong></span> <span class='ocrx_word' id='word_1_185' title='bbox 461 2946 497 3005; x_wconf 90' lang='lat' dir='ltr'><strong>in</strong></span> <span class='ocrx_word' id='word_1_186' title='bbox 518 2944 704 3027; x_wconf 85' lang='lat' dir='ltr'><strong>imperfecto</strong></span> <span class='ocrx_word' id='word_1_187' title='bbox 728 2942 823 3025; x_wconf 78' lang='lat' dir='ltr'><strong>liujus</strong></span> <span class='ocrx_word' id='word_1_188' title='bbox 846 2949 934 3011; x_wconf 90' lang='lat' dir='ltr'><strong>verbi</strong></span> <span class='ocrx_word' id='word_1_189' title='bbox 955 2949 1061 3013; x_wconf 88' lang='lat' dir='ltr'><strong>solum</strong></span> <span class='ocrx_word' id='word_1_190' title='bbox 1079 2956 1235 3041; x_wconf 86' lang='lat' dir='ltr'><strong>temporis</strong></span> <span class='ocrx_word' id='word_1_191' title='bbox 1251 2952 1294 3017; x_wconf 84' lang='lat' dir='ltr'><strong>ali·</strong></span> 
     </span>
     <span class='ocr_line' id='line_1_24' title="bbox 205 3058 1294 3158; baseline 0.011 -31"><span class='ocrx_word' id='word_1_192' title='bbox 205 3067 296 3145; x_wconf 82' lang='lat' dir='ltr'><strong>cujus</strong></span> <span class='ocrx_word' id='word_1_193' title='bbox 324 3064 430 3124; x_wconf 83' lang='lat' dir='ltr'><strong>exacti</strong></span> <span class='ocrx_word' id='word_1_194' title='bbox 459 3058 618 3144; x_wconf 71' lang='lat' dir='ltr'><strong>initium,</strong></span> <span class='ocrx_word' id='word_1_195' title='bbox 635 3064 671 3128; x_wconf 89' lang='lat' dir='ltr'><strong>in</strong></span> <span class='ocrx_word' id='word_1_196' title='bbox 700 3067 821 3128; x_wconf 83' lang='lat' dir='ltr'><strong>aoristo</strong></span> <span class='ocrx_word' id='word_1_197' title='bbox 850 3068 926 3131; x_wconf 85' lang='lat' dir='ltr'><strong>finis</strong></span> <span class='ocrx_word' id='word_1_198' title='bbox 956 3075 1083 3158; x_wconf 82' lang='lat' dir='ltr'><strong>respici.</strong></span> <span class='ocrx_word' id='word_1_199' title='bbox 1145 3080 1294 3155; x_wconf 76' lang='lat' dir='ltr'><strong>Quomodo</strong></span> 
     </span>
     <span class='ocr_line' id='line_1_25' title="bbox 203 3185 1295 3281; baseline 0.02 -35"><span class='ocrx_word' id='word_1_200' title='bbox 203 3198 370 3271; x_wconf 83' lang='lat' dir='ltr'><strong>praeterea</strong></span> <span class='ocrx_word' id='word_1_201' title='bbox 397 3185 603 3255; x_wconf 80' lang='lat' dir='ltr'><strong>llermannus</strong></span> <span class='ocrx_word' id='word_1_202' title='bbox 632 3188 671 3250; x_wconf 91' lang='lat' dir='ltr'><strong>de</strong></span> <span class='ocrx_word' id='word_1_203' title='bbox 694 3190 793 3275; x_wconf 87' lang='lat' dir='ltr'><strong>epicis</strong></span> <span class='ocrx_word' id='word_1_204' title='bbox 816 3188 912 3275; x_wconf 84' lang='lat' dir='ltr'><strong>hujus</strong></span> <span class='ocrx_word' id='word_1_205' title='bbox 935 3196 1114 3281; x_wconf 81' lang='lat' dir='ltr'><strong>imperfecti</strong></span> <span class='ocrx_word' id='word_1_206' title='bbox 1138 3202 1250 3273; x_wconf 83' lang='lat' dir='ltr'><strong>formis</strong></span> <span class='ocrx_word' id='word_1_207' title='bbox 1267 3222 1295 3267; x_wconf 77' lang='lat' dir='ltr'><strong>tt</strong></span> 
     </span>
     <span class='ocr_line' id='line_1_26' title="bbox 203 3296 1296 3405; baseline 0.016 -35"><span class='ocrx_word' id='word_1_208' title='bbox 203 3310 241 3370; x_wconf 89' lang='lat' dir='ltr'><strong>de</strong></span> <span class='ocrx_word' id='word_1_209' title='bbox 264 3308 448 3379; x_wconf 85' lang='lat' dir='ltr'><strong>differentia</strong></span> <span class='ocrx_word' id='word_1_210' title='bbox 470 3311 645 3373; x_wconf 87' lang='lat' dir='ltr'><strong>formarum</strong></span> <span class='ocrx_word' id='word_1_211' title='bbox 675 3296 748 3386; x_wconf 67' lang='lat' dir='ltr'><strong>det</strong></span> <span class='ocrx_word' id='word_1_212' title='bbox 770 3298 809 3386; x_wconf 65' lang='grc' dir='ltr'><strong>ἦν</strong></span> <span class='ocrx_word' id='word_1_213' title='bbox 836 3316 919 3400; x_wconf 88' lang='lat' dir='ltr'><strong>apud</strong></span> <span class='ocrx_word' id='word_1_214' title='bbox 948 3318 1080 3389; x_wconf 83' lang='lat' dir='ltr'><strong>Atticos</strong></span> <span class='ocrx_word' id='word_1_215' title='bbox 1103 3325 1296 3405; x_wconf 82' lang='lat' dir='ltr'><strong>judicaverit,</strong></span> 
     </span>
    </p>
   </div>
   <div class='ocr_carea' id='block_1_3' title="bbox 171 3432 1297 3533">
    <p class='ocr_par' dir='ltr' id='par_1_3' title="bbox 171 3432 1297 3533">
     <span class='ocr_line' id='line_1_27' title="bbox 171 3432 1297 3533; baseline 0.015 -39"><span class='ocrx_word' id='word_1_216' title='bbox 171 3500 178 3511; x_wconf 56' lang='grc'><em>,</em></span> <span class='ocrx_word' id='word_1_217' title='bbox 201 3432 296 3495; x_wconf 87' lang='lat' dir='ltr'><strong>relim</strong></span> <span class='ocrx_word' id='word_1_218' title='bbox 319 3455 360 3497; x_wconf 80' lang='lat' dir='ltr'><strong>ex</strong></span> <span class='ocrx_word' id='word_1_219' title='bbox 383 3434 453 3527; x_wconf 89' lang='lat' dir='ltr'><strong>ipso</strong></span> <span class='ocrx_word' id='word_1_220' title='bbox 471 3448 691 3519; x_wconf 81' lang='lat' dir='ltr'><strong>cognoscatur.</strong></span> <span class='ocrx_word' id='word_1_221' title='bbox 738 3436 776 3500; x_wconf 89' lang='lat' dir='ltr'><strong>Id</strong></span> <span class='ocrx_word' id='word_1_222' title='bbox 791 3442 1010 3505; x_wconf 85' lang='lat' dir='ltr'><strong>tantummodo</strong></span> <span class='ocrx_word' id='word_1_223' title='bbox 1028 3444 1188 3528; x_wconf 87' lang='lat' dir='ltr'><strong>addimus,</strong></span> <span class='ocrx_word' id='word_1_224' title='bbox 1205 3470 1297 3533; x_wconf 86' lang='lat' dir='ltr'><strong>quan·</strong></span> 
     </span>
    </p>
   </div>
   <div class='ocr_carea' id='block_1_4' title="bbox 198 3555 1299 4011">
    <p class='ocr_par' dir='ltr' id='par_1_4' title="bbox 198 3555 1299 4011">
     <span class='ocr_line' id='line_1_28' title="bbox 201 3555 1297 3659; baseline 0.02 -43"><span class='ocrx_word' id='word_1_225' title='bbox 201 3558 249 3627; x_wconf 81' lang='lat' dir='ltr'><strong>vis</strong></span> <span class='ocrx_word' id='word_1_226' title='bbox 272 3557 306 3617; x_wconf 89' lang='lat' dir='ltr'><strong>in</strong></span> <span class='ocrx_word' id='word_1_227' title='bbox 329 3555 380 3618; x_wconf 86' lang='lat' dir='ltr'><strong>his</strong></span> <span class='ocrx_word' id='word_1_228' title='bbox 404 3558 515 3620; x_wconf 87' lang='lat' dir='ltr'><strong>formis</strong></span> <span class='ocrx_word' id='word_1_229' title='bbox 539 3558 617 3638; x_wconf 89' lang='lat' dir='ltr'><strong>sint,</strong></span> <span class='ocrx_word' id='word_1_230' title='bbox 641 3579 719 3642; x_wconf 78' lang='lat' dir='ltr'><strong>qttas</strong></span> <span class='ocrx_word' id='word_1_231' title='bbox 742 3562 858 3626; x_wconf 88' lang='lat' dir='ltr'><strong>aoristi</strong></span> <span class='ocrx_word' id='word_1_232' title='bbox 880 3565 987 3649; x_wconf 84' lang='lat' dir='ltr'><strong>potius</strong></span> <span class='ocrx_word' id='word_1_233' title='bbox 1010 3586 1105 3646; x_wconf 88' lang='lat' dir='ltr'><strong>quam</strong></span> <span class='ocrx_word' id='word_1_234' title='bbox 1130 3570 1297 3659; x_wconf 79' lang='lat' dir='ltr'><strong>imperfecti</strong></span> 
     </span>
     <span class='ocr_line' id='line_1_29' title="bbox 200 3680 1297 3780; baseline 0.022 -41"><span class='ocrx_word' id='word_1_235' title='bbox 200 3700 269 3740; x_wconf 78' lang='lat' dir='ltr'><strong>esso</strong></span> <span class='ocrx_word' id='word_1_236' title='bbox 293 3680 390 3757; x_wconf 88' lang='lat' dir='ltr'><strong>dicas,</strong></span> <span class='ocrx_word' id='word_1_237' title='bbox 422 3692 531 3744; x_wconf 90' lang='lat' dir='ltr'><strong>tamen</strong></span> <span class='ocrx_word' id='word_1_238' title='bbox 558 3682 745 3767; x_wconf 87' lang='lat' dir='ltr'><strong>plerumque</strong></span> <span class='ocrx_word' id='word_1_239' title='bbox 774 3686 916 3749; x_wconf 83' lang='lat' dir='ltr'><strong>Graecos</strong></span> <span class='ocrx_word' id='word_1_240' title='bbox 944 3702 1111 3772; x_wconf 86' lang='lat' dir='ltr'><strong>utramque</strong></span> <span class='ocrx_word' id='word_1_241' title='bbox 1142 3696 1297 3780; x_wconf 82' lang='lat' dir='ltr'><strong>siguifica-</strong></span> 
     </span>
     <span class='ocr_line' id='line_1_30' title="bbox 198 3800 1298 3888; baseline 0.02 -27"><span class='ocrx_word' id='word_1_242' title='bbox 198 3803 320 3863; x_wconf 87' lang='lat' dir='ltr'><strong>tionem</strong></span> <span class='ocrx_word' id='word_1_243' title='bbox 342 3801 389 3862; x_wconf 87' lang='lat' dir='ltr'><strong>sic</strong></span> <span class='ocrx_word' id='word_1_244' title='bbox 413 3806 629 3888; x_wconf 77' lang='lat' dir='ltr'><strong>conjunxisse,</strong></span> <span class='ocrx_word' id='word_1_245' title='bbox 651 3818 687 3869; x_wconf 90' lang='lat' dir='ltr'><strong>ut</strong></span> <span class='ocrx_word' id='word_1_246' title='bbox 709 3809 830 3871; x_wconf 86' lang='lat' dir='ltr'><strong>aoristo</strong></span> <span class='ocrx_word' id='word_1_247' title='bbox 853 3813 982 3875; x_wconf 87' lang='lat' dir='ltr'><strong>verbum</strong></span> <span class='ocrx_word' id='word_1_248' title='bbox 1005 3800 1084 3872; x_wconf 63' lang='grc' dir='ltr'><strong><em>εἶναι</em></strong></span> <span class='ocrx_word' id='word_1_249' title='bbox 1102 3838 1217 3885; x_wconf 83' lang='lat' dir='ltr'><strong>carere</strong></span> <span class='ocrx_word' id='word_1_250' title='bbox 1233 3818 1298 3885; x_wconf 86' lang='lat' dir='ltr'><strong>rnul-</strong></span> 
     </span>
     <span class='ocr_line' id='line_1_31' title="bbox 199 3923 1299 4011; baseline 0.02 -28"><span class='ocrx_word' id='word_1_251' title='bbox 199 3923 240 3983; x_wconf 85' lang='lat' dir='ltr'><strong>tis</strong></span> <span class='ocrx_word' id='word_1_252' title='bbox 256 3924 545 3989; x_wconf 78' lang='lat' dir='ltr'><strong>Grammaticorum</strong></span> <span class='ocrx_word' id='word_1_253' title='bbox 551 3932 626 4011; x_wconf 86' lang='lat' dir='ltr'><strong>jure</strong></span> <span class='ocrx_word' id='word_1_254' title='bbox 638 3930 807 3999; x_wconf 80' lang='lat' dir='ltr'><strong>videretur.</strong></span> <span class='ocrx_word' id='word_1_255' title='bbox 837 3935 929 4009; x_wconf 81' lang='lat' dir='ltr'><strong>Quae</strong></span> <span class='ocrx_word' id='word_1_256' title='bbox 941 3941 1106 4005; x_wconf 83' lang='lat' dir='ltr'><strong>sententia</strong></span> <span class='ocrx_word' id='word_1_257' title='bbox 1120 3943 1175 4007; x_wconf 90' lang='lat' dir='ltr'><strong>vel</strong></span> <span class='ocrx_word' id='word_1_258' title='bbox 1186 3966 1258 4009; x_wconf 86' lang='lat' dir='ltr'><strong>eam</strong></span> <span class='ocrx_word' id='word_1_259' title='bbox 1268 3944 1299 4007; x_wconf 88' lang='lat' dir='ltr'><strong>ol</strong></span> 
     </span>
    </p>
   </div>
   <div class='ocr_carea' id='block_1_5' title="bbox 196 4044 1299 4143">
    <p class='ocr_par' dir='ltr' id='par_1_5' title="bbox 196 4044 1299 4143">
     <span class='ocr_line' id='line_1_32' title="bbox 196 4044 1299 4143; baseline 0.022 -38"><span class='ocrx_word' id='word_1_260' title='bbox 196 4066 325 4107; x_wconf 87' lang='lat' dir='ltr'><strong>causam</strong></span> <span class='ocrx_word' id='word_1_261' title='bbox 348 4068 423 4111; x_wconf 84' lang='lat' dir='ltr'><strong>vera</strong></span> <span class='ocrx_word' id='word_1_262' title='bbox 446 4060 504 4128; x_wconf 87' lang='lat' dir='ltr'><strong>est,</strong></span> <span class='ocrx_word' id='word_1_263' title='bbox 528 4054 609 4132; x_wconf 89' lang='lat' dir='ltr'><strong>quod</strong></span> <span class='ocrx_word' id='word_1_264' title='bbox 635 4056 687 4135; x_wconf 87' lang='lat' dir='ltr'><strong>qui</strong></span> <span class='ocrx_word' id='word_1_265' title='bbox 711 4044 864 4135; x_wconf 65' lang='grc' dir='ltr'><strong>ἐγευόμην</strong></span> <span class='ocrx_word' id='word_1_266' title='bbox 888 4079 947 4143; x_wconf 92' lang='lat' dir='ltr'><strong>pro</strong></span> <span class='ocrx_word' id='word_1_267' title='bbox 970 4060 1093 4127; x_wconf 88' lang='lat' dir='ltr'><strong>aoristo</strong></span> <span class='ocrx_word' id='word_1_268' title='bbox 1118 4071 1213 4135; x_wconf 85' lang='lat' dir='ltr'><strong>verbi</strong></span> <span class='ocrx_word' id='word_1_269' title='bbox 1232 4054 1299 4131; x_wconf 70' lang='lat' dir='ltr'><strong>eim</strong></span> 
     </span>
    </p>
   </div>
   <div class='ocr_carea' id='block_1_6' title="bbox 0 0 1346 4740">
    <p class='ocr_par' dir='ltr' id='par_1_6' title="bbox 0 0 1346 4740">
     <span class='ocr_line' id='line_1_33' title="bbox 0 0 1346 4740; baseline 0 2"><span class='ocrx_word' id='word_1_270' title='bbox 0 0 1346 4740; x_wconf 95' lang='lat' dir='ltr'><strong> </strong></span> 
     </span>
    </p>
   </div>
  </div>
 </body>
</html>
