2684 4740
116 445 264 508 Primum
288 449 402 527 tonuit,
426 457 520 530 atque
542 447 631 512 illico
654 448 775 516 coelum
798 465 913 534 movet,

114 576 244 640 Deinde
267 591 299 641 et
322 578 443 642 fulmen
466 590 583 643 terram
606 583 791 647 tremefacit.

113 705 247 771 Sedne
271 711 320 774 sic
342 711 467 792 quidem
488 712 678 778 destiterunt
700 734 807 780 mures
829 737 850 782 a
871 718 1017 799 victoria,

110 841 169 903 sed
192 843 310 926 potius,
334 853 370 906 ut
393 843 566 929 dispeliunt
588 865 661 909 oves
681 845 759 932 lupi,
781 877 786 886 =

107 974 162 1034 sio
184 973 248 1059 ipsi
270 960 504 1061 dissipaverunt
526 975 695 1042 bellicosas
717 997 825 1042 ranas.

106 1067 238 1167 Moitae
261 1105 444 1169 ceciderunt
465 1107 502 1169 in
524 1126 649 1188 aquam,
672 1118 761 1171 etse
783 1108 821 1170 in
842 1107 945 1172 fossas
966 1110 1124 1177 abdidere.

105 1235 236 1298 Omnes
259 1236 325 1298 iere
347 1235 422 1297 illas
439 1235 656 1318 jugulassem,
679 1237 745 1300 nisi
767 1204 878 1301 rursus
899 1237 1045 1327 Iuppiter

103 1385 206 1450 opem
228 1366 307 1451 ipsis
330 1365 471 1429 misisset
492 1376 524 1429 et
545 1367 722 1431 subsidium
743 1387 869 1432 novum

102 1496 219 1558 Genus
235 1497 392 1578 quoddam
407 1509 537 1583 repente
551 1500 708 1580 submisit,
720 1519 838 1583 magno
851 1520 921 1566 cum
932 1502 1016 1568 fastu
1024 1504 1212 1596 (incedens)

101 1625 213 1690 Retro
235 1628 272 1691 in
294 1616 436 1692 humeris
457 1629 526 1693 suis
548 1627 710 1695 habebant
732 1642 837 1718 caput.

101 1759 276 1824 Habebunt
298 1759 408 1824 oeulos
430 1779 505 1823 suos
528 1761 564 1824 in
584 1761 776 1847 pectoribus,
800 1763 912 1843 quibus
933 1769 1116 1851 cernebant,

103 1902 241 1954 octonos
262 1891 359 1976 pedes
381 1888 552 1973 habebant,
576 1891 701 1976 oblique
723 1892 921 1959 incedebant
954 1874 962 1882 β

100 2020 211 2090 Erant
233 2032 265 2085 et
287 2022 443 2086 forficulis
464 2024 501 2086 in
524 2042 579 2086 ore
601 2022 761 2102 instructi,
784 2022 864 2087 dura
886 2044 1021 2110 corpora
1040 2024 1211 2115 habebant,

100 2173 203 2236 quum
225 2155 286 2218 toti
308 2164 416 2217 essent
439 2154 533 2235 ossei,
557 2171 595 2216 ao
617 2153 750 2216 minime
772 2156 885 2216 carnes
907 2152 1071 2221 baberent.

98 2283 277 2349 Habebunt
299 2283 429 2345 dorsum
451 2283 623 2345 rotundum
644 2281 848 2371 splendentes
869 2284 905 2349 in
927 2282 1078 2354 bumaria.

98 2415 241 2497 Ungues
262 2413 417 2498 gerebant
439 2408 560 2495 acutos,
582 2415 667 2479 sicut
688 2426 807 2499 gerunt
827 2415 916 2484 tetes.

98 2545 211 2612 Erant
231 2556 263 2609 et
284 2545 441 2631 bicipites,
464 2564 504 2609 ac
525 2547 597 2610 sIne
618 2547 767 2611 manibus
788 2559 893 2626 erant,

101 2697 165 2742 ora
188 2676 320 2740 illorum
341 2675 539 2754 scindebant,
562 2675 645 2738 sicut
665 2675 816 2737 solndunt
838 2655 950 2756 gladii.

98 2807 241 2875 Humeri
263 2823 374 2868 eorum
394 2775 614 2889 splendebant,
638 2812 792 2886 tanquam
814 2803 939 2884 ferrati,

98 2937 233 3003 eminus
255 2937 461 3021 apparebant,
485 2935 575 3016 quasi
597 2944 706 2998 essent
727 2934 854 2998 armati.
962 2932 968 2941 ’

98 3069 200 3136 Hunc
221 3067 262 3131 ad
284 3067 411 3131 modum
433 3066 628 3131 monstruosi
649 3065 872 3151 apparuerunt
888 3056 950 3149 iiii,

101 3200 160 3282 qui
182 3190 390 3264 nominantur
412 3209 444 3264 et
465 3198 615 3263 dicuntur
636 3198 755 3261 canori.

100 3331 252 3397 Muribus
274 3327 310 3393 bi
332 3340 499 3415 amputant
521 3328 639 3392 caudas
660 3337 694 3392 ct
714 3328 822 3414 pedes,

102 3451 314 3550 amputabant
335 3471 368 3523 et
389 3481 503 3524 marrus
525 3479 645 3539 eorum,
667 3459 752 3524 unde
773 3459 963 3525 excidebant
985 3454 1110 3522 bastae.
1203 3492 1208 3499 -

102 3594 228 3662 Motum
249 3611 402 3675 magnum
424 3610 598 3676 concepere
620 3610 736 3671 mures,
759 3602 791 3654 et
812 3591 972 3674 ingerunt,

102 3724 244 3814 amplius
266 3743 333 3787 non
355 3724 536 3802 manebant,
558 3722 615 3785 sed
637 3722 784 3809 dissipati
806 3722 944 3784 abibant.

101 3859 197 3926 Tunc
219 3856 316 3920 ctiam
338 3852 400 3920 Sol
423 3853 539 3918 occidit
560 3863 593 3916 et
615 3854 741 3918 abditus
763 3863 824 3930 est,

98 4004 198 4075 atque
225 4008 289 4051 uno
312 3986 363 4052 die
385 3985 502 4052 balium
524 3986 620 4052 desiit
641 3996 674 4052 ct
696 3985 866 4051 diremtum
887 3991 944 4046 est.
