2684 4740
117 160 187 233 152
225 150 229 159 ’

120 360 209 446 plum
231 359 363 438 exejus
385 354 515 441 seriptis
537 356 709 440 proferam,
732 354 769 415 in
784 352 917 431 Προλεγ.
939 343 983 419 εἰς
1006 343 1126 407 'Arane
1147 354 1210 427 Top.

122 474 149 542 δ’
172 482 238 543 uei.
262 471 283 536 ε’
308 496 384 557 <rupe
408 476 439 539 2.
463 464 539 549 εἶχμ
558 468 725 558 putupr'uetu
751 495 811 561 pro
834 472 961 556 vulgari
983 458 1061 544 εἷοωι
1081 459 1212 553 pnnpiuu

122 605 262 690 scripsit,
285 602 321 664 in
346 620 419 681 quo,
442 610 477 661 ut
500 599 617 662 leniter
634 599 793 683 judicem,
816 596 865 662 vir
887 592 1084 658 immertalis
1112 612 1133 654 u
1152 612 1213 655 veru

125 726 294 791 aberravit.
338 722 425 786 Nem
446 724 599 808 proiecto,
622 724 651 785 si
665 721 1009 809 plusquamperfectum
1025 717 1214 795 antiquorum

126 850 162 929 in
184 848 365 912 citeriorem
387 846 596 928 graecitatem
621 842 878 908 transferendum
900 853 959 921 est,
983 839 1163 903 infinitivus
1180 840 1214 901 iu

126 971 193 1035 turi
214 981 287 1057 post
309 956 384 1040 εἶχα
406 969 454 1033 itu
475 969 601 1033 alienus
623 989 643 1031 u
666 967 827 1031 sententia
849 974 910 1043 est,
933 972 968 1027 ut
982 962 1020 1027 in
1034 958 1215 1026 soleeeiunit

128 1076 350 1157 numerandus'
367 1092 421 1155 sit.
467 1091 590 1169 Quodsi
613 1091 684 1172 quis
706 1091 742 1153 in
762 1089 879 1168 verbis,
902 1106 985 1167 quee
1005 1082 1049 1161 rei
1068 1103 1094 1143 σ
1116 1094 1215 1163 errent,

130 1215 217 1280 velut
238 1206 394 1293 λαμβάνω
416 1234 477 1299 pru
499 1200 574 1286 εἶχα
595 1204 686 1291 turre
708 1230 866 1299 ceperum
894 1208 1005 1275 addite
1033 1228 1054 1267 v
1083 1195 1156 1281 εἷχα
1174 1194 1215 1265 ui.

131 1344 200 1416 βειυ
227 1338 342 1416 utitur,
372 1355 474 1418 neque
500 1337 652 1416 untiquee
674 1355 776 1417 neque
798 1333 988 1397 recentioris
1010 1329 1216 1415 lingueelegi·

132 1461 190 1523 bus
211 1458 448 1522 eeeummodete
470 1457 620 1541 loquitur,
644 1476 738 1539 quarn
753 1458 896 1543 ineptam
909 1455 1066 1537 loquendi
1082 1454 1218 1519 retinueu

132 1582 215 1645 mire
237 1601 324 1643 uuue
345 1581 532 1663 quibusdam
553 1581 682 1667 plaeere
704 1580 826 1642 affatim
849 1591 961 1642 notum
984 1590 1044 1641 est
1088 1577 1153 1643 Alii
1168 1576 1219 1659 igi-

133 1714 187 1767 tur
224 1714 359 1768 eeeentu
392 1704 428 1767 iu
468 1701 614 1767 ultimam
647 1706 792 1786 eerrjeeto
836 1688 912 1774 εἶχα
943 1702 1058 1781 λαβεῖν
1087 1700 1218 1777 reriiuut,

135 1826 218 1908 quod
241 1828 302 1890 etsi
324 1827 364 1889 ed
386 1846 516 1891 sensum
538 1837 626 1889 reete
649 1824 820 1903 sehabet,
843 1836 950 1889 tumen
973 1825 1119 1888 neudum
1137 1820 1221 1886 unni·
1247 1880 1250 1885 .

136 1951 194 2014 bus
216 1952 379 2034 probatur,
403 1951 478 2030 quie
501 1952 540 2013 ob
564 1950 772 2013 insolentiam
793 1948 921 2013 dicendi
943 1947 1166 2011 consuetudini
1183 1964 1223 2007 re·

136 2081 269 2158 pugnat,
291 2092 394 2153 neque
416 2093 435 2136 e
458 2072 550 2159 plebe
571 2072 775 2157 intelligitur.
819 2055 965 2134 Duorum
987 2080 1118 2134 tantum
1135 2070 1223 2133 verbe

138 2212 210 2257 rutn
231 2190 542 2281 plusquaruperieetu
562 2209 649 2275 suut,
672 2194 879 2278 quueCoreis
902 2193 1052 2279 opinioni
1075 2188 1224 2275 suffragiu

139 2316 320 2395 videantur,
344 2305 421 2390 εῗχα
447 2313 511 2378 ite?
527 2331 560 2381 et
586 2306 661 2391 εἷχα
687 2312 780 2394 riurei,
808 2318 920 2398 quibus
948 2316 978 2379 si
1007 2316 1188 2401 adjungitur
1202 2332 1225 2387 v,

139 2437 299 2502 exsistunt
326 2452 448 2503 veteres
476 2439 631 2502 infinitivi
659 2436 736 2501 ἰδεῖν
764 2451 796 2503 et
823 2436 925 2501 εἰπεῖν.
971 2439 1020 2503 At
1038 2440 1164 2504 veroin
1182 2434 1226 2497 tus
1259 2398 1262 2469 i

141 2568 253 2622 eontra
276 2552 392 2625 veteris
414 2560 546 2646 liuguae
568 2562 754 2647 analogium
777 2564 816 2627 ab
834 2562 999 2627 inferioris
1015 2565 1134 2626 aetatis
1147 2560 1227 2623 Grue-
1258 2546 1262 2629 Ὗ

141 2681 189 2745 eis
218 2685 412 2768 conjunctivi
441 2686 555 2749 enuisti
586 2699 736 2750 uceeutus
763 2707 805 2751 ex
825 2685 1004 2771 penultima
1034 2687 1073 2749 iu
1102 2684 1228 2749 rrltiuaut
1258 2685 1262 2755 ij

140 2804 299 2887 syllabam
327 2810 541 2896 transpositus
570 2822 628 2873 est.
680 2812 773 2886 Quae
800 2810 829 2871 si
856 2807 1024 2871 nobiseum
1053 2820 1230 2895 reputamur,

142 2928 273 2990 evidens
296 2930 420 2993 videtur
442 2923 543 3009 λάβει,
566 2923 710 3010 γιωρίσει
734 2944 767 2995 et
790 2926 852 2991 ἱδεῖ
869 2929 955 2993 nihil
976 2952 1064 3012 esse,
1089 2932 1155 2996 uisi
1174 2948 1231 2993 eeu·

137 3050 317 3130 junctivum
340 3051 454 3113 eeristi
477 3064 570 3132 utque
598 3074 667 3115 euru
693 3057 730 3116 ob
754 3074 822 3116 retu
845 3054 1045 3117 emendatius
1074 3057 1233 3141 seriptum

144 3191 214 3234 esse
238 3169 389 3249 Graecos,
411 3176 441 3237 si
462 3196 522 3261 pru
544 3173 597 3238 his
621 3188 813 3263 usurparent
836 3163 910 3249 εἷχα
937 3166 1039 3257 λάβῃ,
1068 3164 1147 3251 rixa
1171 3196 1235 3257 peu·

145 3285 232 3375 einp,
255 3282 330 3369 εἷχα
353 3292 419 3376 ἰδῇ.
464 3299 539 3361 June
561 3319 635 3363 vero
664 3301 825 3383 originum
852 3298 967 3363 hurum
997 3298 1244 3383 circumlueutie

145 3438 220 3481 neru
241 3422 472 3506 pervestiganti
495 3423 589 3487 facile
612 3435 758 3509 apparet,
781 3424 864 3504 quod
885 3444 1056 3511 perperam
1080 3424 1178 3507 vulgo
1197 3438 1238 3485 ex·

145 3554 257 3606 aratur
278 3540 429 3624 γραῳξιῆ,
451 3540 631 3626 prepeti,
658 3542 803 3621 utereturi
824 3567 865 3608 ex
888 3546 987 3609 activi
1009 3545 1169 3631 analogia
1187 3562 1240 3609 neu

146 3686 215 3727 esse
238 3664 451 3747 infinitivum,
473 3671 528 3733 sed
545 3670 792 3752 Cuujunetivutu
814 3670 928 3733 aurisii
948 3670 1073 3755 prassivi
1096 3666 1241 3755 utqueitl·

147 3790 232 3850 circu
261 3791 381 3853 rectius
408 3792 612 3855 scribendum
640 3814 711 3855 esse
739 3789 889 3873 γραφβῇ.
944 3792 1048 3875 Atqui
1080 3794 1171 3858 dieat
1196 3790 1242 3857 uli·

147 3911 227 3990 quis,
250 3915 445 3977 sententiani
467 3913 521 3978 hie
544 3935 610 3978 uon
634 3915 890 4000 Cuujunetivuru,
911 3916 969 3978 sed
984 3915 1194 3983 Infinitivuut
1207 3934 1246 3979 re·

148 4032 282 4112 quirere.
317 4035 432 4101 Audio.
458 4037 581 4102 Verum
597 4039 792 4103 recentiores
809 4038 975 4104 Infinitive
989 4043 1110 4124 orbati,
1123 4058 1246 4123 eumque
