2684 4740
125 201 204 300 nt

124 399 304 463 recentiore
333 395 509 480 graecitate
536 383 675 466 κοπιάζω
711 387 899 461 laborandi
905 439 915 466 ‚
952 386 1123 464 audendi,
1134 385 1223 478 fati-

121 518 243 610 gandi,
281 513 484 606 conficiendi
517 518 581 581 virn
614 529 648 579 et
680 526 871 601 potestatem
905 512 1008 578 babet.
1055 515 1222 579 Praeterea

124 641 225 710 eundi
247 645 337 705 notio
360 643 395 705 in
419 641 605 723 quibusdam
628 639 777 721 loquendi
801 639 912 702 formis
935 640 965 701 ei
989 640 1144 702 tribuitur
1157 660 1183 702 v.
1200 661 1220 702 o.

122 757 266 842 κόπιααε,
288 756 326 824 ob
348 759 524 845 παρακαλῶ
545 728 633 837 veni,
656 764 783 848 quaeso
803 751 968 825 medocri-2
983 755 1072 842 μέσα
1087 760 1218 826 intrate.

124 859 167 938 ζ-
185 851 364 965 {deductor
387 888 610 966 tenuissimus,
640 885 877 949 subtilissimus.
917 917 960 930 -
998 874 1131 964 conrodat
1154 886 1174 948 i.
1194 908 1217 949 c.

123 1003 298 1092 στημόνιον.

256 1132 299 1196 V.
323 1131 395 1198 306.
442 1123 500 1209 ἀτῆ
521 1155 586 1215 μου
607 1134 630 1196 i.
653 1154 680 1194 e.
709 1120 787 1206 αὐτή
808 1142 881 1212 μου.
926 1131 1001 1194 Jau
1031 1129 1216 1217 Ptochopro·

123 1259 253 1322 dromus
281 1247 355 1327 ἀτὸς
381 1277 440 1343 pro
468 1245 562 1326 αὐτός
590 1257 755 1342 usurpavit
784 1257 916 1319 barbare
945 1255 1081 1339 insuper
1103 1255 1213 1340 adjecto
1240 1290 1243 1294 Δ

94 1347 265 1466 ‘genitivo
292 1380 494 1466 pronominis
523 1379 660 1461 alicujus
688 1377 886 1465 personalis,
912 1379 960 1440 ita
986 1389 1023 1439 ut
1045 1377 1134 1441 dicat
1154 1368 1214 1447 dode

122 1527 188 1583 μου
208 1524 268 1589 pro
291 1492 385 1570 ariade
412 1491 492 1582 ἐγώ,
521 1490 595 1568 dedo
611 1519 680 1560 ,σου
701 1521 760 1585 pro
783 1489 878 1570 ariade
899 1490 957 1576 od,
983 1489 1058 1570 dede
1086 1523 1142 1561 rou
1164 1521 1212 1588 pro

123 1616 218 1695 αὐτὸς
239 1608 328 1695 οὗτος
349 1622 400 1687 vel
423 1615 518 1692 αὐτὸς
540 1616 665 1692 ἐκεῖνος.
710 1622 796 1685 Nam
817 1621 873 1686 lib·
888 1623 923 1686 II
944 1642 1026 1687 verS.
1048 1623 1116 1690 586
1135 1646 1160 1712 p.
1176 1622 1211 1688 35

122 1747 171 1810 ed.
196 1747 271 1811 Cor.
295 1747 387 1809 dicit:

244 1856 318 1940 eirdr
339 1890 395 1930 του
415 1860 536 1950 γίνεται
558 1858 661 1949 ἰατρὸς
681 1857 739 1928 καὶ
759 1857 834 1928 τάδε
855 1862 1080 1950 παραγγέλλει.

123 1993 173 2057 ct.
198 1992 335 2056 Coraenr
358 1994 398 2056 ad
422 1991 453 2055 h.
476 1981 732 2056 1.'etadttb.1
760 2013 841 2054 vers.
866 1988 929 2064 127
953 2012 982 2076 p.
1010 1990 1084 2058 116.
1114 1991 1214 2056 >Sini-

121 2116 197 2180 liter
229 2116 313 2202 apud
346 2115 521 2178 Homerum
555 2106 657 2194 αὐτάρ
690 2126 723 2178 et
755 2104 837 2195 ἀτάρ
870 2099 1067 2201 prorniscue
1082 2116 1217 2180 adhiberi

122 2239 268 2302 omnibus
296 2251 408 2300 notum
437 2250 494 2300 est.
544 2238 655 2301 Zenus
681 2250 792 2301 noster
819 2239 854 2301 in
877 2235 938 2299 boc
960 2249 1088 2330 tantum
1110 2260 1129 2302 a
1151 2240 1217 2303 Pto·

122 2359 354 2446 choprodrorno
378 2362 549 2446 discrepat,
573 2359 656 2441 quod
684 2379 752 2422 non
774 2360 877 2422 solum
901 2348 958 2434 ded
980 2382 1046 2440 μου
1069 2382 1126 2449 pro
1146 2351 1218 2435 αὐτὴ

121 2472 185 2562 ἐγώ
207 2480 261 2543 bic
283 2481 385 2567 ponit,
409 2481 464 2543 sed
486 2481 586 2543 etiarn
607 2482 712 2567 ipsum
736 2471 799 2562 ἐγώ
821 2483 1023 2568 superaddit,
1053 2484 1140 2565 quasi
1163 2503 1213 2544 ne-

120 2605 245 2683 sciens,
274 2604 307 2666 id
329 2623 558 2690 supervacuum
580 2624 650 2667 esse
672 2617 803 2692 propter
818 2625 873 2686 ea,
900 2625 983 2689 *quae
1012 2607 1155 2670 dicturus
1175 2617 1219 2669 est

119 2716 176 2802 αἀή
197 2749 271 2808 μου.

254 2851 295 2912 V.
320 2848 394 2913 307.
437 2837 561 2929 φόρεμα
592 2849 779 2913 vocabulum
808 2861 920 2913 natum
942 2871 984 2912 ex
1006 2862 1150 2914 ceterum
1172 2840 1220 2928 φό·

120 2991 206 3050 popter
234 2982 269 3031 nt
285 2963 384 3048 Acade
412 2992 453 3031 ex
481 2961 587 3048 ξηρός,
614 2957 751 3049 nicodoro
781 2993 823 3034 ex
850 2961 981 3052 πληρόω.
1030 2973 1092 3037 Est
1119 2987 1220 3038 autern
1243 3038 1246 3046 1

120 3078 243 3170 φόρεμα
265 3090 349 3176 apud
372 3092 567 3154 recentiores
589 3087 702 3157 vestit.
747 3091 796 3156 Cf.
818 3092 902 3156 Acta
926 3093 1070 3158 Concilii
1092 3095 1219 3160 Floren-

120 3214 183 3276 tini
210 3233 285 3299 pag.
316 3211 337 3277 8
370 3214 418 3277 ed.
446 3213 576 3277 Labbei.
628 3214 767 3279 Fabulae
796 3216 920 3301 Aesopi
950 3218 1220 3302 barbarograecae

118 3358 150 3424 p.
183 3335 244 3400 135
278 3337 327 3400 ed.
361 3336 479 3400 Venet.
514 3356 590 3401 anu.
630 3335 725 3401 1644.
771 3338 924 3402 Malaxus
958 3341 993 3403 in
1027 3338 1104 3415 hist.
1139 3341 1220 3405 Patr.

119 3480 192 3546 pag.
218 3457 291 3525 158.
343 3459 487 3524 Codinus
516 3461 555 3524 de
583 3460 678 3524 Osfic.
706 3482 775 3548 cap.
799 3459 820 3525 4
847 3482 880 3524 n.
905 3460 947 3526 15
976 3483 1045 3549 cap.
1070 3461 1091 3528 6
1114 3484 1151 3528 n.
1173 3461 1220 3528 29.

119 3615 164 3629 ·-
191 3573 381 3643 κατάλευκο’
410 3585 433 3646 i.
461 3604 487 3646 e.
515 3572 712 3644 xuco'cdeuatov
741 3580 1026 3648 candidissimum.
1067 3621 1111 3634 ·-
1151 3607 1221 3669 ‹patt-

119 3691 211 3764 oro'uu
239 3706 287 3768 sic
314 3707 547 3791 interpretatur
573 3707 765 3790 Ducangius
794 3706 899 3771 Gloss.
921 3709 1003 3771 med.
1025 3721 1060 3772 et
1083 3711 1145 3775 int.
1169 3710 1220 3788 Gt·

119 3827 210 3889 Tum.
232 3826 267 3890 ΙΙ
294 3847 326 3911 p.
351 3825 453 3892 1700:
482 3817 646 3908 pouoro‘tcn
674 3827 822 3912 (corrige
855 3819 1031 3912 povordor)
1054 3827 1223 3920 sustuna,

118 3949 221 4036 panni
242 3949 376 4035 species,
400 3950 438 4012 de
461 3970 524 4031 qua
545 3951 581 4015 iu
604 3950 771 4015 Glossario
793 3952 874 4015 med.
896 3949 991 4016 Lat.”
1027 3953 1076 4018 At
1091 3959 1223 4021 estsere

120 4071 153 4136 id
186 4071 371 4135 vestimenti
402 4087 514 4156 genus,
547 4072 632 4154 quod
662 4068 799 4158 pallam
832 4073 977 4138 Romani
1007 4079 1222 4163 appellarunt

119 4193 306 4282 originatio
328 4192 416 4261 vocis
437 4195 547 4261 multia
570 4196 770 4260 eruditorum
789 4197 885 4263 dubia
899 4198 1034 4264 videtur.
1070 4200 1223 4286 Plerique
