2684 4740
1181 221 1227 294 17

117 419 223 483 neque
236 410 272 464 ut
286 419 430 465 curreres
442 398 652 482 velocium,
665 413 698 466 ot
710 403 746 467 in
757 409 1229 493 certamenoingularedesoen.

118 533 161 595 ad
183 530 272 598 aliud
294 552 362 596 non
384 552 457 598 eras
478 530 581 612 utilia,
603 532 670 596 nist
692 545 727 597 ut
748 554 800 598 mc
823 537 997 626 deciperes.
1100 544 1230 627 [deren

117 662 251 750 Aspicit
272 662 350 727 deus
372 665 536 749 injuriam,
559 674 592 727 et
612 665 690 729 facit
704 666 881 750 justitiam,
1015 656 1027 669 ⁸

117 814 156 858 ac
178 795 276 881 punit
296 795 436 879 injustos
457 798 577 877 absquo
598 797 830 864 misericordia.

117 925 228 989 Meam
251 937 386 991 mortem
406 927 509 992 ultum
531 928 640 992 veniet

118 1058 450 1139 exercitus'murium‚
472 1069 505 1122 et
526 1070 559 1123 tc
580 1060 701 1146 puniet·

119 1190 314 1253 Orationem
334 1187 422 1251 hanc
443 1187 568 1266 finivit3
591 1200 659 1251 tum
681 1189 797 1252 deiecit
817 1209 880 1253 vox
901 1189 987 1273 eJur,'

122 1332 156 1383 et
178 1330 265 1382 totus
288 1330 442 1382 extensus
464 1327 524 1397 est,
546 1319 688 1401 exiitque
709 1319 842 1405 spiritua
863 1326 942 1404 qua.

120 1448 329 1535 Licbopinax
351 1449 434 1512 forte
454 1449 491 1530 in
514 1449 649 1530 quodam
671 1448 743 1514 loco
765 1452 866 1543 stetit,
980 1432 983 1440 ¹

120 1582 214 1660 vidit,
238 1600 317 1662 quae
339 1577 471 1658 fiebant,
494 1590 584 1643 etse
607 1581 743 1646 contulit
764 1583 806 1647 ad
829 1582 982 1664 laborem,

121 1725 157 1777 ut
179 1713 254 1792 iret,
277 1722 311 1776 et
333 1712 493 1776 inveniret
513 1730 622 1774 mures
644 1714 753 1793 eisquc
774 1711 856 1796 baec
876 1716 1056 1781 nunciaret.

122 1845 264 1930 Reperit
286 1862 343 1906 eos
356 1861 440 1920 arna,
464 1851 497 1906 et
518 1841 604 1906 dixit
625 1843 687 1906 eia:
710 1841 843 1924 Audite,
867 1865 886 1906 o
908 1842 1023 1908 amici!

122 1974 378 2062 Psicharpagem
399 1975 518 2037 bonurn
540 1992 641 2037 ranae
664 1973 800 2056 (aquis)
823 1975 1030 2040 suffocarunt

124 2107 192 2186 llli,
215 2118 252 2171 ut
273 2105 336 2170 hoc
358 2103 606 2184 intellexerunt,
629 2104 777 2167 dentibus
799 2104 999 2202 frendebant,

123 2238 345 2301 Praeconibus
367 2237 577 2320 imperarunt,
599 2245 636 2296 ut
657 2233 785 2297 exirent
807 2253 846 2296 ac
866 2233 1115 2320 proclamarent,

83 2345 87 2356 ¹
126 2367 299 2431 concilium
322 2376 357 2430 ut
377 2364 550 2430 haberetur
573 2364 648 2446 cito,
671 2375 704 2428 ct
725 2383 769 2428 nc
791 2374 1032 2450 cunctarentur3

124 2513 162 2564 ut
185 2509 459 2584 congregarentur
479 2497 632 2577 universi,
655 2495 725 2560 illic
746 2497 785 2561 in
807 2497 989 2562 Troxartae
1011 2499 1152 2579 aedibus,

126 2633 182 2714 qui
203 2643 297 2718 pater
319 2634 425 2694 iuerat
446 2628 588 2692 infelicis
610 2638 643 2691 ct
663 2629 775 2691 miseri
796 2625 1040 2712 Paicbarpagia
1158 2638 1169 2652 “

125 2767 181 2845 qui
204 2765 240 2825 in
260 2761 335 2822 lacu
356 2760 491 2821 natabat
512 2756 683 2834 exanimis,
710 2773 882 2840 expansus,

127 2890 307 2971 induimus,
321 2888 411 2953 nullo
423 2886 565 2951 lamento
578 2883 767 2966 bonoratur,
785 2886 871 2950 sicut
878 2885 912 2948 id
924 2875 1135 2969 baoet'qutvis
1144 2907 1233 2973 porc·

126 3026 304 3105 Postquam
327 3028 554 3098 convenerunt,
577 3017 726 3082 inventus
748 3027 799 3082 est
820 3029 955 3100 erectus,
991 3022 1001 3033 ‘
1089 3016 1232 3104 [grinns.

126 3170 280 3237 tanquam
301 3155 463 3240 princeps,
486 3151 673 3230 Troxarteo‚
697 3149 750 3230 qui
772 3160 842 3214 erat
864 3150 976 3217 tristis.

129 3287 233 3352 Stetit
254 3287 290 3349 in
311 3285 415 3349 medio
437 3282 590 3366 illorum„
602 3301 642 3346 ac
664 3281 761 3346 desiit
782 3279 869 3359 flere,

131 3419 241 3485 oculos
264 3438 340 3481 suos
362 3416 524 3495 abstersit,
547 3424 581 3477 et
603 3413 710 3497 coepit
731 3413 807 3476 fari:

131 3553 162 3616 0
184 3551 282 3616 amici
304 3547 461 3632 germani,
483 3556 592 3632 patrea
614 3556 647 3607 ct
669 3545 784 3607 iratres
806 3539 885 3607 mei!

133 3683 242 3748 cuncti
263 3651 389 3744 mecum
410 3676 515 3740 dolete
536 3675 572 3738 in
596 3673 657 3738 hoc
679 3695 750 3738 meo
773 3674 869 3737 luctu.

131 3816 203 3881 Mei
224 3811 372 3877 misereri
394 3826 646 3889 unumquemque
668 3805 759 3869 decet
780 3805 816 3868 in
839 3799 1022 3866 calamitate
1044 3820 1125 3883 mea,

132 3950 174 4012 ob
185 3945 305 4025 malam
315 3952 462 4021 mortem,
470 3905 726 4025 quambenerunt
736 3931 1233 4020 (iapcrpessisunt)liberitnei.

132 4056 325 4146 rinoceros
348 4078 476 4140 tantum
497 4071 607 4154 genui,
626 4080 663 4161 ¹ot
685 4066 720 4131 bi
742 4073 837 4131 orant
859 4064 1068 4128 incomitata
1089 4083 1177 4141 meo;

134 4228 299 4293 nunquam
321 4227 379 4271 cos
401 4203 520 4283 dimisi,
543 4196 581 4266 ut
598 4192 727 4267 abirent
748 4217 769 4260 a
790 4194 891 4258 latere
913 4214 992 4259 meo.

945 4322 967 4387 2

902 4478 925 4537 ,λ

862 4574 874 4585 ..
900 4532 937 4567 ''32-

871 4582 900 4607 -ve
