<?xml version="1.0" encoding="UTF-8"?>
<!DOCTYPE html PUBLIC "-//W3C//DTD XHTML 1.0 Transitional//EN"
    "http://www.w3.org/TR/xhtml1/DTD/xhtml1-transitional.dtd">
<html xmlns="http://www.w3.org/1999/xhtml" xml:lang="en" lang="en">
 <head>
  <title>
</title>
<meta http-equiv="Content-Type" content="text/html;charset=utf-8" />
  <meta name='ocr-system' content='tesseract 3.04.00' />
  <meta name='ocr-capabilities' content='ocr_page ocr_carea ocr_par ocr_line ocrx_word'/>
</head>
<body>
  <div class='ocr_page' id='page_1' title='image "./demetriizenipar00mullgoog_0226.png"; bbox 0 0 2684 4740; ppageno 0'>
   <div class='ocr_carea' id='block_1_1' title="bbox 1159 257 1229 330">
    <p class='ocr_par' dir='ltr' id='par_1_1' title="bbox 1159 257 1229 330">
     <span class='ocr_line' id='line_1_1' title="bbox 1159 257 1229 330; baseline 0.043 -3"><span class='ocrx_word' id='word_1_1' title='bbox 1159 257 1229 330; x_wconf 78' lang='grc'><strong>199</strong></span> 
     </span>
    </p>
   </div>
   <div class='ocr_carea' id='block_1_2' title="bbox 101 417 1240 4190">
    <p class='ocr_par' dir='ltr' id='par_1_2' title="bbox 109 417 1240 2718">
     <span class='ocr_line' id='line_1_2' title="bbox 123 417 1224 526; baseline 0.015 -28"><span class='ocrx_word' id='word_1_2' title='bbox 123 436 229 519; x_wconf 88' lang='lat' dir='ltr'><strong>qualis</strong></span> <span class='ocrx_word' id='word_1_3' title='bbox 251 417 306 503; x_wconf 78' lang='lat' dir='ltr'><strong>irio</strong></span> <span class='ocrx_word' id='word_1_4' title='bbox 327 446 377 502; x_wconf 88' lang='lat' dir='ltr'><strong>est</strong></span> <span class='ocrx_word' id='word_1_5' title='bbox 398 428 548 518; x_wconf 58' lang='grc' dir='ltr'><strong>ἔσμεᾍασι</strong></span> <span class='ocrx_word' id='word_1_6' title='bbox 567 457 628 526; x_wconf 85' lang='lat' dir='ltr'><strong>pro</strong></span> <span class='ocrx_word' id='word_1_7' title='bbox 652 422 939 520; x_wconf 46' lang='lat' dir='ltr'><strong>ioprrluusloautus</strong></span> <span class='ocrx_word' id='word_1_8' title='bbox 953 461 1025 507; x_wconf 84' lang='lat' dir='ltr'><strong>sum</strong></span> <span class='ocrx_word' id='word_1_9' title='bbox 1040 447 1082 509; x_wconf 81' lang='lat' dir='ltr'><strong>oo</strong></span> <span class='ocrx_word' id='word_1_10' title='bbox 1099 466 1179 511; x_wconf 81' lang='lat' dir='ltr'><strong>vers</strong></span> <span class='ocrx_word' id='word_1_11' title='bbox 1193 447 1224 515; x_wconf 98' lang='grc'><strong>9.</strong></span> 
     </span>
     <span class='ocr_line' id='line_1_3' title="bbox 122 552 1226 649; baseline 0.013 -28"><span class='ocrx_word' id='word_1_12' title='bbox 122 559 356 646; x_wconf 81' lang='lat' dir='ltr'><strong>Accipiendum</strong></span> <span class='ocrx_word' id='word_1_13' title='bbox 389 571 441 626; x_wconf 89' lang='lat' dir='ltr'><strong>est</strong></span> <span class='ocrx_word' id='word_1_14' title='bbox 472 552 621 641; x_wconf 57' lang='grc' dir='ltr'><strong>ἕσμιξασι</strong></span> <span class='ocrx_word' id='word_1_15' title='bbox 656 561 864 629; x_wconf 84' lang='lat' dir='ltr'><strong>intransitiva</strong></span> <span class='ocrx_word' id='word_1_16' title='bbox 897 563 1093 649; x_wconf 74' lang='lat' dir='ltr'><strong>significatu.</strong></span> <span class='ocrx_word' id='word_1_17' title='bbox 1137 568 1226 639; x_wconf 85' lang='lat' dir='ltr'><strong>Naar</strong></span> 
     </span>
     <span class='ocr_line' id='line_1_4' title="bbox 122 674 1224 772; baseline 0.014 -28"><span class='ocrx_word' id='word_1_18' title='bbox 122 684 306 764; x_wconf 79' lang='lat' dir='ltr'><strong>frequenter</strong></span> <span class='ocrx_word' id='word_1_19' title='bbox 326 674 433 766; x_wconf 70' lang='grc' dir='ltr'>σμίγω</span> <span class='ocrx_word' id='word_1_20' title='bbox 455 703 508 747; x_wconf 85' lang='lat' dir='ltr'><strong>me</strong></span> <span class='ocrx_word' id='word_1_21' title='bbox 529 681 650 750; x_wconf 83' lang='lat' dir='ltr'><strong>misceo</strong></span> <span class='ocrx_word' id='word_1_22' title='bbox 678 686 761 750; x_wconf 86' lang='lat' dir='ltr'><strong>verti</strong></span> <span class='ocrx_word' id='word_1_23' title='bbox 787 696 903 772; x_wconf 82' lang='lat' dir='ltr'><strong>potest.</strong></span> <span class='ocrx_word' id='word_1_24' title='bbox 949 688 1074 767; x_wconf 83' lang='lat' dir='ltr'><strong>Quodsi</strong></span> <span class='ocrx_word' id='word_1_25' title='bbox 1095 691 1224 759; x_wconf 84' lang='lat' dir='ltr'><strong>initium</strong></span> 
     </span>
     <span class='ocr_line' id='line_1_5' title="bbox 120 799 1223 892; baseline 0.012 -25"><span class='ocrx_word' id='word_1_26' title='bbox 120 805 236 892; x_wconf 86' lang='lat' dir='ltr'><strong>proelii</strong></span> <span class='ocrx_word' id='word_1_27' title='bbox 251 810 322 890; x_wconf 85' lang='lat' dir='ltr'><strong>jam</strong></span> <span class='ocrx_word' id='word_1_28' title='bbox 344 808 463 872; x_wconf 85' lang='lat' dir='ltr'><strong>laetum</strong></span> <span class='ocrx_word' id='word_1_29' title='bbox 484 819 584 888; x_wconf 82' lang='lat' dir='ltr'><strong>esset,</strong></span> <span class='ocrx_word' id='word_1_30' title='bbox 611 820 771 873; x_wconf 84' lang='lat' dir='ltr'><strong>verterem</strong></span> <span class='ocrx_word' id='word_1_31' title='bbox 792 799 941 888; x_wconf 68' lang='grc' dir='ltr'><strong>ἔσμίξασι</strong></span> <span class='ocrx_word' id='word_1_32' title='bbox 962 830 1083 876; x_wconf 79' lang='lat' dir='ltr'><strong>manvus</strong></span> <span class='ocrx_word' id='word_1_33' title='bbox 1110 833 1223 880; x_wconf 81' lang='lat' dir='ltr'><strong>conte·</strong></span> 
     </span>
     <span class='ocr_line' id='line_1_6' title="bbox 119 929 1222 1022; baseline 0.011 -32"><span class='ocrx_word' id='word_1_34' title='bbox 119 936 269 992; x_wconf 83' lang='lat' dir='ltr'><strong>ruerunt.</strong></span> <span class='ocrx_word' id='word_1_35' title='bbox 306 929 354 994; x_wconf 80' lang='lat' dir='ltr'><strong>At</strong></span> <span class='ocrx_word' id='word_1_36' title='bbox 375 931 517 995; x_wconf 84' lang='lat' dir='ltr'><strong>noudum</strong></span> <span class='ocrx_word' id='word_1_37' title='bbox 539 941 695 1017; x_wconf 79' lang='lat' dir='ltr'><strong>pugnant,</strong></span> <span class='ocrx_word' id='word_1_38' title='bbox 718 929 753 993; x_wconf 84' lang='lat' dir='ltr'><strong>id</strong></span> <span class='ocrx_word' id='word_1_39' title='bbox 775 929 857 1014; x_wconf 80' lang='lat' dir='ltr'><strong>quod</strong></span> <span class='ocrx_word' id='word_1_40' title='bbox 879 950 921 994; x_wconf 86' lang='lat' dir='ltr'><strong>ex</strong></span> <span class='ocrx_word' id='word_1_41' title='bbox 941 936 1145 1015; x_wconf 83' lang='lat' dir='ltr'><strong>sequentihus</strong></span> <span class='ocrx_word' id='word_1_42' title='bbox 1166 957 1222 1022; x_wconf 81' lang='lat' dir='ltr'><strong>pa·</strong></span> 
     </span>
     <span class='ocr_line' id='line_1_7' title="bbox 118 1049 1223 1139; baseline 0.007 -25"><span class='ocrx_word' id='word_1_43' title='bbox 118 1061 172 1114; x_wconf 89' lang='lat' dir='ltr'><strong>tet.</strong></span> <span class='ocrx_word' id='word_1_44' title='bbox 216 1052 320 1115; x_wconf 88' lang='lat' dir='ltr'><strong>Porro</strong></span> <span class='ocrx_word' id='word_1_45' title='bbox 349 1049 411 1115; x_wconf 81' lang='lat' dir='ltr'><strong>lroe</strong></span> <span class='ocrx_word' id='word_1_46' title='bbox 438 1055 535 1117; x_wconf 87' lang='lat' dir='ltr'><strong>verbo</strong></span> <span class='ocrx_word' id='word_1_47' title='bbox 562 1050 792 1139; x_wconf 80' lang='lat' dir='ltr'><strong>paraphrastes</strong></span> <span class='ocrx_word' id='word_1_48' title='bbox 818 1062 930 1115; x_wconf 81' lang='lat' dir='ltr'><strong>moster</strong></span> <span class='ocrx_word' id='word_1_49' title='bbox 957 1054 1063 1119; x_wconf 80' lang='lat' dir='ltr'><strong>reddit</strong></span> <span class='ocrx_word' id='word_1_50' title='bbox 1084 1077 1164 1138; x_wconf 85' lang='lat' dir='ltr'><strong>quae</strong></span> <span class='ocrx_word' id='word_1_51' title='bbox 1185 1058 1223 1123; x_wconf 84' lang='lat' dir='ltr'><strong>la</strong></span> 
     </span>
     <span class='ocr_line' id='line_1_8' title="bbox 117 1160 1223 1259; baseline -0.003 -23"><span class='ocrx_word' id='word_1_52' title='bbox 117 1171 295 1259; x_wconf 81' lang='lat' dir='ltr'><strong>archetypo</strong></span> <span class='ocrx_word' id='word_1_53' title='bbox 317 1175 398 1237; x_wconf 84' lang='lat' dir='ltr'><strong>vers.</strong></span> <span class='ocrx_word' id='word_1_54' title='bbox 423 1171 488 1236; x_wconf 82' lang='lat'><strong>194</strong></span> <span class='ocrx_word' id='word_1_55' title='bbox 514 1174 563 1236; x_wconf 86' lang='lat' dir='ltr'><strong>sie</strong></span> <span class='ocrx_word' id='word_1_56' title='bbox 583 1184 718 1236; x_wconf 84' lang='lat' dir='ltr'><strong>sonant:</strong></span> <span class='ocrx_word' id='word_1_57' title='bbox 746 1160 808 1230; x_wconf 75' lang='lat' dir='ltr'><strong>alul</strong></span> <span class='ocrx_word' id='word_1_58' title='bbox 827 1161 893 1255; x_wconf 62' lang='lat' dir='ltr'><strong>peip</strong></span> <span class='ocrx_word' id='word_1_59' title='bbox 920 1164 1123 1256; x_wconf 74' lang='grc' dir='ltr'>ἀγχέμαχοι,</span> <span class='ocrx_word' id='word_1_60' title='bbox 1145 1185 1223 1241; x_wconf 71' lang='lat' dir='ltr'><strong>nent</strong></span> 
     </span>
     <span class='ocr_line' id='line_1_9' title="bbox 118 1289 1222 1384; baseline 0 -28"><span class='ocrx_word' id='word_1_61' title='bbox 118 1289 208 1356; x_wconf 87' lang='lat' dir='ltr'><strong>euim</strong></span> <span class='ocrx_word' id='word_1_62' title='bbox 229 1290 380 1357; x_wconf 79' lang='lat' dir='ltr'><strong>cominus</strong></span> <span class='ocrx_word' id='word_1_63' title='bbox 396 1301 602 1381; x_wconf 79' lang='lat' dir='ltr'><em>pugnantes,</em></span> <span class='ocrx_word' id='word_1_64' title='bbox 624 1295 708 1376; x_wconf 82' lang='lat' dir='ltr'><strong>quod</strong></span> <span class='ocrx_word' id='word_1_65' title='bbox 724 1293 851 1377; x_wconf 84' lang='lat' dir='ltr'><strong>quidem</strong></span> <span class='ocrx_word' id='word_1_66' title='bbox 865 1296 1042 1384; x_wconf 85' lang='lat' dir='ltr'><strong>impropria</strong></span> <span class='ocrx_word' id='word_1_67' title='bbox 1063 1298 1103 1361; x_wconf 86' lang='lat' dir='ltr'><strong>de</strong></span> <span class='ocrx_word' id='word_1_68' title='bbox 1117 1300 1159 1362; x_wconf 87' lang='lat' dir='ltr'><strong>iis</strong></span> <span class='ocrx_word' id='word_1_69' title='bbox 1175 1300 1222 1381; x_wconf 73' lang='lat' dir='ltr'><strong>di.</strong></span> 
     </span>
     <span class='ocr_line' id='line_1_10' title="bbox 116 1413 1222 1504; baseline 0.006 -26"><span class='ocrx_word' id='word_1_70' title='bbox 116 1428 204 1479; x_wconf 86' lang='lat' dir='ltr'><strong>etum</strong></span> <span class='ocrx_word' id='word_1_71' title='bbox 225 1416 329 1479; x_wconf 85' lang='lat' dir='ltr'><strong>videri</strong></span> <span class='ocrx_word' id='word_1_72' title='bbox 349 1417 465 1503; x_wconf 79' lang='lat' dir='ltr'><strong>possit,</strong></span> <span class='ocrx_word' id='word_1_73' title='bbox 488 1417 543 1500; x_wconf 80' lang='lat' dir='ltr'><strong>qui</strong></span> <span class='ocrx_word' id='word_1_74' title='bbox 564 1416 705 1480; x_wconf 88' lang='lat' dir='ltr'><strong>nondum</strong></span> <span class='ocrx_word' id='word_1_75' title='bbox 727 1428 890 1504; x_wconf 77' lang='lat' dir='ltr'><strong>puguant5</strong></span> <span class='ocrx_word' id='word_1_76' title='bbox 911 1418 969 1484; x_wconf 85' lang='lat' dir='ltr'><strong>sed</strong></span> <span class='ocrx_word' id='word_1_77' title='bbox 992 1425 1143 1501; x_wconf 85' lang='lat' dir='ltr'><strong>quoniam</strong></span> <span class='ocrx_word' id='word_1_78' title='bbox 1163 1413 1222 1504; x_wconf 71' lang='lat' dir='ltr'><strong>oly-</strong></span> 
     </span>
     <span class='ocr_line' id='line_1_11' title="bbox 115 1531 1221 1632; baseline 0.012 -36"><span class='ocrx_word' id='word_1_79' title='bbox 115 1531 264 1618; x_wconf 75' lang='grc' dir='ltr'><em>χέμαχος</em></span> <span class='ocrx_word' id='word_1_80' title='bbox 285 1538 475 1622; x_wconf 82' lang='lat' dir='ltr'><strong>adJ&#39;aotivum</strong></span> <span class='ocrx_word' id='word_1_81' title='bbox 497 1550 557 1619; x_wconf 80' lang='lat' dir='ltr'><strong>est,</strong></span> <span class='ocrx_word' id='word_1_82' title='bbox 579 1558 652 1602; x_wconf 87' lang='lat' dir='ltr'><strong>eum</strong></span> <span class='ocrx_word' id='word_1_83' title='bbox 673 1539 798 1604; x_wconf 79' lang='lat' dir='ltr'><strong>indicat</strong></span> <span class='ocrx_word' id='word_1_84' title='bbox 825 1540 881 1623; x_wconf 82' lang='lat' dir='ltr'><strong>qui</strong></span> <span class='ocrx_word' id='word_1_85' title='bbox 908 1542 1054 1607; x_wconf 82' lang='lat' dir='ltr'><strong>eominus</strong></span> <span class='ocrx_word' id='word_1_86' title='bbox 1073 1563 1221 1632; x_wconf 76' lang='lat' dir='ltr'><strong>pugnare</strong></span> 
     </span>
     <span class='ocr_line' id='line_1_12' title="bbox 118 1661 1220 1748; baseline 0.007 -23"><span class='ocrx_word' id='word_1_87' title='bbox 118 1661 211 1740; x_wconf 83' lang='lat' dir='ltr'><strong>solat,</strong></span> <span class='ocrx_word' id='word_1_88' title='bbox 233 1662 263 1725; x_wconf 85' lang='lat' dir='ltr'><strong>sl</strong></span> <span class='ocrx_word' id='word_1_89' title='bbox 285 1672 416 1748; x_wconf 81' lang='lat' dir='ltr'><strong>pugnat.</strong></span> <span class='ocrx_word' id='word_1_90' title='bbox 467 1663 574 1738; x_wconf 85' lang='lat' dir='ltr'><strong>Quum</strong></span> <span class='ocrx_word' id='word_1_91' title='bbox 595 1662 696 1745; x_wconf 84' lang='lat' dir='ltr'><strong>igitur</strong></span> <span class='ocrx_word' id='word_1_92' title='bbox 716 1672 850 1744; x_wconf 84' lang='lat' dir='ltr'><strong>utraque</strong></span> <span class='ocrx_word' id='word_1_93' title='bbox 872 1663 960 1728; x_wconf 78' lang='lat' dir='ltr'><strong>auios</strong></span> <span class='ocrx_word' id='word_1_94' title='bbox 981 1664 1124 1730; x_wconf 82' lang='lat' dir='ltr'><strong>noudum</strong></span> <span class='ocrx_word' id='word_1_95' title='bbox 1145 1687 1220 1733; x_wconf 80' lang='lat' dir='ltr'><strong>oon·</strong></span> 
     </span>
     <span class='ocr_line' id='line_1_13' title="bbox 116 1773 1240 1865; baseline 0.005 -17"><span class='ocrx_word' id='word_1_96' title='bbox 116 1783 248 1864; x_wconf 73' lang='lat' dir='ltr'><strong>illuserit,</strong></span> <span class='ocrx_word' id='word_1_97' title='bbox 271 1784 346 1864; x_wconf 83' lang='lat' dir='ltr'><strong>quid</strong></span> <span class='ocrx_word' id='word_1_98' title='bbox 368 1792 470 1846; x_wconf 84' lang='lat' dir='ltr'><strong>restat</strong></span> <span class='ocrx_word' id='word_1_99' title='bbox 491 1782 589 1863; x_wconf 80' lang='lat' dir='ltr'><strong>aliud,</strong></span> <span class='ocrx_word' id='word_1_100' title='bbox 612 1802 707 1865; x_wconf 90' lang='lat' dir='ltr'><strong>quam</strong></span> <span class='ocrx_word' id='word_1_101' title='bbox 720 1794 757 1847; x_wconf 90' lang='lat' dir='ltr'><strong>ut</strong></span> <span class='ocrx_word' id='word_1_102' title='bbox 773 1773 923 1862; x_wconf 68' lang='grc' dir='ltr'><em>ε’σμῖξασι</em></span> <span class='ocrx_word' id='word_1_103' title='bbox 935 1797 1110 1850; x_wconf 74' lang='lat' dir='ltr'><strong>vertamus:</strong></span> <span class='ocrx_word' id='word_1_104' title='bbox 1125 1785 1240 1855; x_wconf 77' lang='lat' dir='ltr'><strong>aries·</strong></span> 
     </span>
     <span class='ocr_line' id='line_1_14' title="bbox 116 1900 1219 1992; baseline 0.003 -22"><span class='ocrx_word' id='word_1_105' title='bbox 116 1903 298 1971; x_wconf 81' lang='lat' dir='ltr'><strong>admodum</strong></span> <span class='ocrx_word' id='word_1_106' title='bbox 319 1902 409 1970; x_wconf 83' lang='lat' dir='ltr'><strong>inter</strong></span> <span class='ocrx_word' id='word_1_107' title='bbox 429 1900 701 1992; x_wconf 69' lang='lat' dir='ltr'><strong>repropinquare</strong></span> <span class='ocrx_word' id='word_1_108' title='bbox 721 1912 817 1982; x_wconf 59' lang='lat' dir='ltr'><strong>sunu·</strong></span> <span class='ocrx_word' id='word_1_109' title='bbox 842 1905 919 1969; x_wconf 86' lang='lat' dir='ltr'><strong>lieet</strong></span> <span class='ocrx_word' id='word_1_110' title='bbox 939 1907 1142 1973; x_wconf 78' lang='lat' dir='ltr'><strong>manifestum</strong></span> <span class='ocrx_word' id='word_1_111' title='bbox 1163 1911 1219 1991; x_wconf 85' lang='lat' dir='ltr'><strong>sit,</strong></span> 
     </span>
     <span class='ocr_line' id='line_1_15' title="bbox 115 2022 1216 2115; baseline -0.004 -22"><span class='ocrx_word' id='word_1_112' title='bbox 115 2030 241 2095; x_wconf 76' lang='lat' dir='ltr'><strong>zenam</strong></span> <span class='ocrx_word' id='word_1_113' title='bbox 269 2026 324 2093; x_wconf 88' lang='lat' dir='ltr'><strong>hio</strong></span> <span class='ocrx_word' id='word_1_114' title='bbox 350 2047 418 2092; x_wconf 86' lang='lat' dir='ltr'><strong>nou</strong></span> <span class='ocrx_word' id='word_1_115' title='bbox 444 2029 526 2092; x_wconf 84' lang='lat' dir='ltr'><strong>satis</strong></span> <span class='ocrx_word' id='word_1_116' title='bbox 556 2039 631 2115; x_wconf 88' lang='lat' dir='ltr'><strong>apte</strong></span> <span class='ocrx_word' id='word_1_117' title='bbox 657 2027 800 2091; x_wconf 84' lang='lat' dir='ltr'><strong>locutum</strong></span> <span class='ocrx_word' id='word_1_118' title='bbox 825 2046 907 2091; x_wconf 84' lang='lat' dir='ltr'><strong>esso.</strong></span> <span class='ocrx_word' id='word_1_119' title='bbox 938 2060 983 2075; x_wconf 89' lang='lat'><em>-</em></span> <span class='ocrx_word' id='word_1_120' title='bbox 1015 2022 1216 2110; x_wconf 63' lang='lat' dir='ltr'><strong>topoaofipe’</strong></span> 
     </span>
     <span class='ocr_line' id='line_1_16' title="bbox 115 2147 1218 2238; baseline 0.001 -22"><span class='ocrx_word' id='word_1_121' title='bbox 115 2152 291 2237; x_wconf 79' lang='lat' dir='ltr'><strong>vulgariter</strong></span> <span class='ocrx_word' id='word_1_122' title='bbox 311 2171 370 2238; x_wconf 89' lang='lat' dir='ltr'><strong>pro</strong></span> <span class='ocrx_word' id='word_1_123' title='bbox 392 2148 592 2232; x_wconf 57' lang='grc' dir='ltr'><strong>λαβωδῶμεν</strong></span> <span class='ocrx_word' id='word_1_124' title='bbox 614 2150 734 2238; x_wconf 86' lang='lat' dir='ltr'><strong>lpers.</strong></span> <span class='ocrx_word' id='word_1_125' title='bbox 755 2147 800 2234; x_wconf 90' lang='lat' dir='ltr'><strong>pl.</strong></span> <span class='ocrx_word' id='word_1_126' title='bbox 823 2166 891 2213; x_wconf 83' lang='lat' dir='ltr'><strong>aar.</strong></span> <span class='ocrx_word' id='word_1_127' title='bbox 914 2151 999 2234; x_wconf 79' lang='lat' dir='ltr'><strong>conj.</strong></span> <span class='ocrx_word' id='word_1_128' title='bbox 1020 2169 1106 2237; x_wconf 87' lang='lat' dir='ltr'><strong>pass.</strong></span> <span class='ocrx_word' id='word_1_129' title='bbox 1129 2153 1218 2217; x_wconf 85' lang='lat' dir='ltr'><strong>verbi</strong></span> 
     </span>
     <span class='ocr_line' id='line_1_17' title="bbox 114 2261 1219 2360; baseline -0.006 -20"><span class='ocrx_word' id='word_1_130' title='bbox 114 2275 231 2340; x_wconf 86' lang='lat' dir='ltr'><strong>novitii</strong></span> <span class='ocrx_word' id='word_1_131' title='bbox 252 2261 378 2353; x_wconf 71' lang='grc' dir='ltr'><em>λαβᾶυω</em></span> <span class='ocrx_word' id='word_1_132' title='bbox 399 2274 650 2360; x_wconf 78' lang='lat' dir='ltr'><strong>transpositione</strong></span> <span class='ocrx_word' id='word_1_133' title='bbox 671 2269 831 2335; x_wconf 77' lang='lat' dir='ltr'><strong>vocalium</strong></span> <span class='ocrx_word' id='word_1_134' title='bbox 858 2281 892 2336; x_wconf 90' lang='lat' dir='ltr'><strong>et</strong></span> <span class='ocrx_word' id='word_1_135' title='bbox 917 2270 1096 2338; x_wconf 74' lang='lat' dir='ltr'><strong>insertione</strong></span> <span class='ocrx_word' id='word_1_136' title='bbox 1122 2267 1180 2334; x_wconf 76' lang='grc' dir='ltr'><strong>τοῦ</strong></span> <span class='ocrx_word' id='word_1_137' title='bbox 1198 2295 1219 2334; x_wconf 87' lang='lat' dir='ltr'><strong>u</strong></span> 
     </span>
     <span class='ocr_line' id='line_1_18' title="bbox 113 2382 1218 2481; baseline -0.001 -19"><span class='ocrx_word' id='word_1_138' title='bbox 113 2419 155 2462; x_wconf 84' lang='lat' dir='ltr'><strong>ex</strong></span> <span class='ocrx_word' id='word_1_139' title='bbox 182 2397 386 2479; x_wconf 88' lang='lat' dir='ltr'><strong>antiquorum</strong></span> <span class='ocrx_word' id='word_1_140' title='bbox 412 2383 543 2475; x_wconf 78' lang='grc' dir='ltr'><em>λωβάω,</em></span> <span class='ocrx_word' id='word_1_141' title='bbox 572 2399 663 2481; x_wconf 79' lang='lat' dir='ltr'><strong>euJ‘us</strong></span> <span class='ocrx_word' id='word_1_142' title='bbox 689 2393 761 2459; x_wconf 84' lang='lat' dir='ltr'><strong>loeo</strong></span> <span class='ocrx_word' id='word_1_143' title='bbox 783 2382 950 2477; x_wconf 79' lang='grc' dir='ltr'><em>λωβάομαι</em></span> <span class='ocrx_word' id='word_1_144' title='bbox 970 2394 1123 2462; x_wconf 76' lang='lat' dir='ltr'><strong>usitatim</strong></span> <span class='ocrx_word' id='word_1_145' title='bbox 1145 2395 1218 2478; x_wconf 82' lang='lat' dir='ltr'><strong>luit,</strong></span> 
     </span>
     <span class='ocr_line' id='line_1_19' title="bbox 111 2506 1217 2604; baseline 0 -20"><span class='ocrx_word' id='word_1_146' title='bbox 111 2520 253 2585; x_wconf 77' lang='lat' dir='ltr'><strong>formati.</strong></span> <span class='ocrx_word' id='word_1_147' title='bbox 298 2519 339 2583; x_wconf 90' lang='lat' dir='ltr'><strong>In</strong></span> <span class='ocrx_word' id='word_1_148' title='bbox 367 2519 518 2583; x_wconf 79' lang='lat' dir='ltr'><strong>citeriore</strong></span> <span class='ocrx_word' id='word_1_149' title='bbox 546 2516 743 2584; x_wconf 85' lang='lat' dir='ltr'><strong>Graecorum</strong></span> <span class='ocrx_word' id='word_1_150' title='bbox 769 2515 883 2602; x_wconf 81' lang='lat' dir='ltr'><strong>lingua</strong></span> <span class='ocrx_word' id='word_1_151' title='bbox 909 2506 1038 2600; x_wconf 71' lang='grc' dir='ltr'><strong>λαβόντι)</strong></span> <span class='ocrx_word' id='word_1_152' title='bbox 1065 2518 1217 2604; x_wconf 81' lang='lat' dir='ltr'><strong>designat</strong></span> 
     </span>
     <span class='ocr_line' id='line_1_20' title="bbox 109 2638 414 2718; baseline -0.023 -10"><span class='ocrx_word' id='word_1_153' title='bbox 109 2638 244 2718; x_wconf 83' lang='lat' dir='ltr'><strong>saucio,</strong></span> <span class='ocrx_word' id='word_1_154' title='bbox 264 2638 414 2708; x_wconf 82' lang='lat' dir='ltr'><strong>vulnero.</strong></span> 
     </span>
    </p>

    <p class='ocr_par' dir='ltr' id='par_1_3' title="bbox 101 2742 1215 3091">
     <span class='ocr_line' id='line_1_21' title="bbox 243 2742 1215 2839; baseline -0.003 -14"><span class='ocrx_word' id='word_1_155' title='bbox 243 2761 289 2826; x_wconf 79' lang='lat' dir='ltr'><strong>V.</strong></span> <span class='ocrx_word' id='word_1_156' title='bbox 310 2758 387 2825; x_wconf 75' lang='lat'><strong>332.</strong></span> <span class='ocrx_word' id='word_1_157' title='bbox 431 2753 523 2817; x_wconf 77' lang='grc' dir='ltr'><strong><em>πᾶσα</em></strong></span> <span class='ocrx_word' id='word_1_158' title='bbox 550 2746 731 2839; x_wconf 70' lang='grc' dir='ltr'><strong>ἕναςὶἆοτιι</strong></span> <span class='ocrx_word' id='word_1_159' title='bbox 758 2753 842 2836; x_wconf 81' lang='lat' dir='ltr'><strong>quod</strong></span> <span class='ocrx_word' id='word_1_160' title='bbox 868 2752 961 2815; x_wconf 75' lang='grc' dir='ltr'><strong><em>πᾶσα</em></strong></span> <span class='ocrx_word' id='word_1_161' title='bbox 991 2742 1051 2833; x_wconf 75' lang='grc' dir='ltr'><strong>εἷς,</strong></span> <span class='ocrx_word' id='word_1_162' title='bbox 1085 2756 1124 2820; x_wconf 84' lang='lat' dir='ltr'><strong>de</strong></span> <span class='ocrx_word' id='word_1_163' title='bbox 1153 2778 1215 2839; x_wconf 84' lang='lat' dir='ltr'><strong>quo</strong></span> 
     </span>
     <span class='ocr_line' id='line_1_22' title="bbox 104 2861 1215 2973; baseline -0.007 -23"><span class='ocrx_word' id='word_1_164' title='bbox 104 2889 167 2973; x_wconf 84' lang='lat' dir='ltr'><strong>agi</strong></span> <span class='ocrx_word' id='word_1_165' title='bbox 189 2884 334 2948; x_wconf 85' lang='lat' dir='ltr'><strong>advers.</strong></span> <span class='ocrx_word' id='word_1_166' title='bbox 360 2878 434 2946; x_wconf 88' lang='grc'><strong>197.</strong></span> <span class='ocrx_word' id='word_1_167' title='bbox 456 2911 501 2931; x_wconf 90' lang='lat'><strong>·-</strong></span> <span class='ocrx_word' id='word_1_168' title='bbox 521 2867 631 2961; x_wconf 67' lang='grc' dir='ltr'><strong>χαρὰν</strong></span> <span class='ocrx_word' id='word_1_169' title='bbox 650 2861 783 2960; x_wconf 59' lang='grc' dir='ltr'><strong>μνγᾶλῆ</strong></span> <span class='ocrx_word' id='word_1_170' title='bbox 806 2862 851 2936; x_wconf 73' lang='grc' dir='ltr'><strong>νά</strong></span> <span class='ocrx_word' id='word_1_171' title='bbox 869 2866 923 2962; x_wconf 72' lang='grc' dir='ltr'><strong>’κῃ</strong></span> <span class='ocrx_word' id='word_1_172' title='bbox 944 2875 967 2942; x_wconf 87' lang='lat' dir='ltr'><strong>i.</strong></span> <span class='ocrx_word' id='word_1_173' title='bbox 983 2897 1010 2946; x_wconf 85' lang='lat' dir='ltr'><strong>e.</strong></span> <span class='ocrx_word' id='word_1_174' title='bbox 1032 2865 1143 2962; x_wconf 66' lang='grc' dir='ltr'><strong>χαρὰν</strong></span> <span class='ocrx_word' id='word_1_175' title='bbox 1162 2897 1215 2958; x_wconf 76' lang='grc' dir='ltr'><strong>με·</strong></span> 
     </span>
     <span class='ocr_line' id='line_1_23' title="bbox 101 2989 373 3091; baseline -0.004 -24"><span class='ocrx_word' id='word_1_176' title='bbox 101 2997 218 3091; x_wconf 69' lang='grc' dir='ltr'><strong>γάλην</strong></span> <span class='ocrx_word' id='word_1_177' title='bbox 238 2996 281 3064; x_wconf 75' lang='lat' dir='ltr'><strong>vol</strong></span> <span class='ocrx_word' id='word_1_178' title='bbox 304 2989 373 3086; x_wconf 70' lang='grc' dir='ltr'><strong>ἔχῃ.</strong></span> 
     </span>
    </p>

    <p class='ocr_par' dir='ltr' id='par_1_4' title="bbox 102 3106 1213 3329">
     <span class='ocr_line' id='line_1_24' title="bbox 244 3106 1213 3207; baseline -0.003 -18"><span class='ocrx_word' id='word_1_179' title='bbox 244 3124 287 3189; x_wconf 87' lang='lat' dir='ltr'><strong>V.</strong></span> <span class='ocrx_word' id='word_1_180' title='bbox 307 3123 383 3194; x_wconf 89' lang='grc'><strong>333.</strong></span> <span class='ocrx_word' id='word_1_181' title='bbox 429 3117 579 3187; x_wconf 65' lang='lat' dir='ltr'><strong>obmisere</strong></span> <span class='ocrx_word' id='word_1_182' title='bbox 610 3117 708 3187; x_wconf 72' lang='lat' dir='ltr'><strong>moui</strong></span> <span class='ocrx_word' id='word_1_183' title='bbox 742 3139 842 3187; x_wconf 81' lang='lat' dir='ltr'><strong>eausa</strong></span> <span class='ocrx_word' id='word_1_184' title='bbox 866 3137 928 3207; x_wconf 91' lang='lat' dir='ltr'><strong>pro</strong></span> <span class='ocrx_word' id='word_1_185' title='bbox 955 3106 1106 3184; x_wconf 69' lang='grc' dir='ltr'><strong>ἄκουσαν</strong></span> <span class='ocrx_word' id='word_1_186' title='bbox 1132 3122 1156 3187; x_wconf 86' lang='lat' dir='ltr'><strong>i.</strong></span> <span class='ocrx_word' id='word_1_187' title='bbox 1184 3142 1213 3188; x_wconf 87' lang='lat' dir='ltr'><strong>e.</strong></span> 
     </span>
     <span class='ocr_line' id='line_1_25' title="bbox 102 3239 265 3329; baseline -0.037 -17"><span class='ocrx_word' id='word_1_188' title='bbox 102 3239 265 3329; x_wconf 71' lang='grc' dir='ltr'><strong>ἥκουσαν.</strong></span> 
     </span>
    </p>

    <p class='ocr_par' dir='ltr' id='par_1_5' title="bbox 106 3354 1215 4190">
     <span class='ocr_line' id='line_1_26' title="bbox 134 3354 1214 3452; baseline -0.008 -18"><span class='ocrx_word' id='word_1_189' title='bbox 134 3403 136 3408; x_wconf 94' lang='grc'><em>·</em></span> <span class='ocrx_word' id='word_1_190' title='bbox 244 3369 287 3433; x_wconf 89' lang='lat' dir='ltr'><strong>V.</strong></span> <span class='ocrx_word' id='word_1_191' title='bbox 310 3367 384 3434; x_wconf 75' lang='grc'><strong>334.</strong></span> <span class='ocrx_word' id='word_1_192' title='bbox 428 3356 551 3452; x_wconf 66' lang='grc' dir='ltr'><em>πήγασι</em></span> <span class='ocrx_word' id='word_1_193' title='bbox 577 3365 600 3430; x_wconf 84' lang='lat' dir='ltr'><strong>i.</strong></span> <span class='ocrx_word' id='word_1_194' title='bbox 623 3385 650 3429; x_wconf 83' lang='lat' dir='ltr'><strong>a.</strong></span> <span class='ocrx_word' id='word_1_195' title='bbox 672 3358 781 3445; x_wconf 78' lang='grc' dir='ltr'><strong>πῆγαν</strong></span> <span class='ocrx_word' id='word_1_196' title='bbox 800 3362 852 3427; x_wconf 91' lang='lat' dir='ltr'><strong>vel</strong></span> <span class='ocrx_word' id='word_1_197' title='bbox 874 3354 996 3444; x_wconf 72' lang='grc' dir='ltr'><strong>ἔπῆγαν</strong></span> <span class='ocrx_word' id='word_1_198' title='bbox 1022 3359 1044 3426; x_wconf 91' lang='grc'><strong>3</strong></span> <span class='ocrx_word' id='word_1_199' title='bbox 1065 3370 1148 3449; x_wconf 74' lang='lat' dir='ltr'><strong>pers</strong></span> <span class='ocrx_word' id='word_1_200' title='bbox 1171 3364 1214 3448; x_wconf 92' lang='lat' dir='ltr'><strong>pl.</strong></span> 
     </span>
     <span class='ocr_line' id='line_1_27' title="bbox 106 3478 1215 3573; baseline -0.013 -11"><span class='ocrx_word' id='word_1_201' title='bbox 106 3512 192 3562; x_wconf 74' lang='lat' dir='ltr'><strong>aon</strong></span> <span class='ocrx_word' id='word_1_202' title='bbox 211 3493 277 3558; x_wconf 79' lang='lat' dir='ltr'><strong>intl-</strong></span> <span class='ocrx_word' id='word_1_203' title='bbox 308 3492 396 3556; x_wconf 87' lang='lat' dir='ltr'><strong>verbi</strong></span> <span class='ocrx_word' id='word_1_204' title='bbox 421 3483 566 3573; x_wconf 75' lang='grc' dir='ltr'><strong>πηγαίνω</strong></span> <span class='ocrx_word' id='word_1_205' title='bbox 593 3507 635 3553; x_wconf 88' lang='lat' dir='ltr'><strong>ox</strong></span> <span class='ocrx_word' id='word_1_206' title='bbox 662 3478 822 3566; x_wconf 71' lang='grc' dir='ltr'><strong>ἐπιβαίνω,</strong></span> <span class='ocrx_word' id='word_1_207' title='bbox 844 3483 896 3549; x_wconf 85' lang='lat' dir='ltr'><strong>vel</strong></span> <span class='ocrx_word' id='word_1_208' title='bbox 918 3484 1001 3566; x_wconf 89' lang='lat' dir='ltr'><strong>quod</strong></span> <span class='ocrx_word' id='word_1_209' title='bbox 1024 3483 1108 3548; x_wconf 84' lang='lat' dir='ltr'><strong>idem</strong></span> <span class='ocrx_word' id='word_1_210' title='bbox 1129 3484 1215 3570; x_wconf 84' lang='lat' dir='ltr'><strong>apud</strong></span> 
     </span>
     <span class='ocr_line' id='line_1_28' title="bbox 106 3593 1214 3696; baseline -0.01 -15"><span class='ocrx_word' id='word_1_211' title='bbox 106 3603 313 3682; x_wconf 75' lang='lat' dir='ltr'><strong>recentiores</strong></span> <span class='ocrx_word' id='word_1_212' title='bbox 329 3625 389 3694; x_wconf 86' lang='lat' dir='ltr'><strong>est,</strong></span> <span class='ocrx_word' id='word_1_213' title='bbox 411 3601 514 3696; x_wconf 73' lang='grc' dir='ltr'><em>πάγω,</em></span> <span class='ocrx_word' id='word_1_214' title='bbox 536 3632 579 3677; x_wconf 88' lang='lat' dir='ltr'><strong>ex</strong></span> <span class='ocrx_word' id='word_1_215' title='bbox 600 3610 732 3691; x_wconf 86' lang='lat' dir='ltr'><strong>antiquo</strong></span> <span class='ocrx_word' id='word_1_216' title='bbox 753 3595 869 3688; x_wconf 68' lang='grc' dir='ltr'><strong><em>ὑπάγω</em></strong></span> <span class='ocrx_word' id='word_1_217' title='bbox 890 3593 1072 3670; x_wconf 74' lang='lat' dir='ltr'><strong>nati-ul</strong></span> <span class='ocrx_word' id='word_1_218' title='bbox 1086 3624 1137 3685; x_wconf 80' lang='lat' dir='ltr'><strong>eo,</strong></span> <span class='ocrx_word' id='word_1_219' title='bbox 1152 3623 1214 3688; x_wconf 90' lang='lat' dir='ltr'><strong>quo</strong></span> 
     </span>
     <span class='ocr_line' id='line_1_29' title="bbox 108 3722 1215 3824; baseline -0.005 -22"><span class='ocrx_word' id='word_1_220' title='bbox 108 3739 169 3804; x_wconf 86' lang='lat' dir='ltr'><strong>hio</strong></span> <span class='ocrx_word' id='word_1_221' title='bbox 190 3739 332 3824; x_wconf 87' lang='lat' dir='ltr'><strong>ponitur,</strong></span> <span class='ocrx_word' id='word_1_222' title='bbox 353 3755 453 3800; x_wconf 81' lang='lat' dir='ltr'><strong>sensu</strong></span> <span class='ocrx_word' id='word_1_223' title='bbox 468 3739 540 3819; x_wconf 83' lang='lat' dir='ltr'><strong>jam</strong></span> <span class='ocrx_word' id='word_1_224' title='bbox 559 3733 698 3818; x_wconf 85' lang='lat' dir='ltr'><strong>legimus</strong></span> <span class='ocrx_word' id='word_1_225' title='bbox 719 3727 854 3818; x_wconf 81' lang='lat' dir='ltr'><strong>Dialogi</strong></span> <span class='ocrx_word' id='word_1_226' title='bbox 874 3748 955 3792; x_wconf 79' lang='lat' dir='ltr'><strong>vers</strong></span> <span class='ocrx_word' id='word_1_227' title='bbox 976 3725 1007 3793; x_wconf 82' lang='lat'><strong>9.</strong></span> <span class='ocrx_word' id='word_1_228' title='bbox 1027 3759 1073 3774; x_wconf 93' lang='lat'><strong>·-</strong></span> <span class='ocrx_word' id='word_1_229' title='bbox 1094 3722 1215 3805; x_wconf 60' lang='grc' dir='ltr'>δωροῦ-</span> 
     </span>
     <span class='ocr_line' id='line_1_30' title="bbox 109 3833 1214 3945; baseline -0.002 -25"><span class='ocrx_word' id='word_1_230' title='bbox 109 3879 180 3920; x_wconf 82' lang='grc' dir='ltr'><strong>σαν</strong></span> <span class='ocrx_word' id='word_1_231' title='bbox 200 3857 376 3942; x_wconf 85' lang='lat' dir='ltr'><strong>vulgariter</strong></span> <span class='ocrx_word' id='word_1_232' title='bbox 396 3878 457 3945; x_wconf 91' lang='lat' dir='ltr'><strong>pro</strong></span> <span class='ocrx_word' id='word_1_233' title='bbox 478 3833 665 3936; x_wconf 59' lang='grc' dir='ltr'><strong>βεωρὸΐτταν</strong></span> <span class='ocrx_word' id='word_1_234' title='bbox 685 3852 747 3933; x_wconf 82' lang='lat' dir='ltr'><strong>(el.</strong></span> <span class='ocrx_word' id='word_1_235' title='bbox 768 3870 850 3915; x_wconf 85' lang='lat' dir='ltr'><strong>vars.</strong></span> <span class='ocrx_word' id='word_1_236' title='bbox 870 3846 947 3932; x_wconf 75' lang='lat'>25),</span> <span class='ocrx_word' id='word_1_237' title='bbox 968 3847 1098 3932; x_wconf 80' lang='lat' dir='ltr'><strong>antique</strong></span> <span class='ocrx_word' id='word_1_238' title='bbox 1121 3837 1214 3918; x_wconf 64' lang='grc' dir='ltr'><strong>ἕὲεῶ-</strong></span> 
     </span>
     <span class='ocr_line' id='line_1_31' title="bbox 110 3965 1215 4066; baseline -0.008 -24"><span class='ocrx_word' id='word_1_239' title='bbox 110 4001 193 4062; x_wconf 76' lang='grc' dir='ltr'><strong>ρουτ</strong></span> <span class='ocrx_word' id='word_1_240' title='bbox 218 3977 239 4044; x_wconf 89' lang='grc'><strong>3</strong></span> <span class='ocrx_word' id='word_1_241' title='bbox 262 4000 346 4066; x_wconf 84' lang='lat' dir='ltr'><strong>pers·</strong></span> <span class='ocrx_word' id='word_1_242' title='bbox 375 3978 420 4066; x_wconf 82' lang='lat' dir='ltr'><strong>pl.</strong></span> <span class='ocrx_word' id='word_1_243' title='bbox 448 3979 529 4066; x_wconf 88' lang='lat' dir='ltr'><strong>Imp.</strong></span> <span class='ocrx_word' id='word_1_244' title='bbox 557 3975 623 4041; x_wconf 80' lang='lat' dir='ltr'><strong>ind.</strong></span> <span class='ocrx_word' id='word_1_245' title='bbox 651 3987 711 4041; x_wconf 84' lang='lat' dir='ltr'><strong>aet</strong></span> <span class='ocrx_word' id='word_1_246' title='bbox 738 3973 828 4038; x_wconf 87' lang='lat' dir='ltr'><strong>verbi</strong></span> <span class='ocrx_word' id='word_1_247' title='bbox 854 3967 970 4052; x_wconf 53' lang='lat' dir='ltr'><strong>aaa&amp;</strong></span> <span class='ocrx_word' id='word_1_248' title='bbox 999 3968 1052 4039; x_wconf 80' lang='lat' dir='ltr'><strong>Do</strong></span> <span class='ocrx_word' id='word_1_249' title='bbox 1073 3965 1136 4036; x_wconf 79' lang='lat' dir='ltr'><strong>ltoe</strong></span> <span class='ocrx_word' id='word_1_250' title='bbox 1157 3967 1215 4034; x_wconf 87' lang='lat' dir='ltr'><strong>im-</strong></span> 
     </span>
     <span class='ocr_line' id='line_1_32' title="bbox 111 4090 953 4190; baseline -0.014 -24"><span class='ocrx_word' id='word_1_251' title='bbox 111 4102 333 4190; x_wconf 79' lang='lat' dir='ltr'><strong>perfectorum</strong></span> <span class='ocrx_word' id='word_1_252' title='bbox 354 4101 441 4165; x_wconf 83' lang='lat' dir='ltr'><strong>flexu</strong></span> <span class='ocrx_word' id='word_1_253' title='bbox 462 4102 501 4163; x_wconf 85' lang='lat' dir='ltr'><strong>el.</strong></span> <span class='ocrx_word' id='word_1_254' title='bbox 524 4102 691 4164; x_wconf 85' lang='lat' dir='ltr'><strong>observata</strong></span> <span class='ocrx_word' id='word_1_255' title='bbox 711 4096 754 4162; x_wconf 86' lang='lat' dir='ltr'><strong>ad</strong></span> <span class='ocrx_word' id='word_1_256' title='bbox 776 4115 856 4158; x_wconf 82' lang='lat' dir='ltr'><strong>vers.</strong></span> <span class='ocrx_word' id='word_1_257' title='bbox 877 4090 953 4157; x_wconf 75' lang='lat'><strong>210.</strong></span> 
     </span>
    </p>
   </div>
   <div class='ocr_carea' id='block_1_3' title="bbox 159 4199 1136 4397">
    <p class='ocr_par' dir='ltr' id='par_1_6' title="bbox 159 4199 1136 4397">
     <span class='ocr_line' id='line_1_33' title="bbox 159 4199 1136 4304; baseline -0.019 -16"><span class='ocrx_word' id='word_1_258' title='bbox 159 4260 167 4269; x_wconf 74' lang='grc'><strong>-</strong></span> <span class='ocrx_word' id='word_1_259' title='bbox 247 4220 291 4286; x_wconf 82' lang='lat' dir='ltr'><strong>V.</strong></span> <span class='ocrx_word' id='word_1_260' title='bbox 313 4219 389 4288; x_wconf 81' lang='lat'><strong>335.</strong></span> <span class='ocrx_word' id='word_1_261' title='bbox 434 4212 613 4284; x_wconf 76' lang='grc' dir='ltr'><strong>ἕσαλπίσαν</strong></span> <span class='ocrx_word' id='word_1_262' title='bbox 633 4221 729 4286; x_wconf 84' lang='lat' dir='ltr'><strong>metri</strong></span> <span class='ocrx_word' id='word_1_263' title='bbox 751 4234 849 4285; x_wconf 71' lang='lat' dir='ltr'><strong>carisa</strong></span> <span class='ocrx_word' id='word_1_264' title='bbox 868 4232 929 4304; x_wconf 90' lang='lat' dir='ltr'><strong>pro</strong></span> <span class='ocrx_word' id='word_1_265' title='bbox 951 4199 1136 4271; x_wconf 57' lang='lat' dir='ltr'><strong>manteau.</strong></span> 
     </span>
     <span class='ocr_line' id='line_1_34' title="bbox 966 4330 988 4397; baseline 0 0"><span class='ocrx_word' id='word_1_266' title='bbox 966 4330 988 4397; x_wconf 86' lang='grc'><strong>9</strong></span> 
     </span>
    </p>
   </div>
   <div class='ocr_carea' id='block_1_4' title="bbox 0 0 1346 4740">
    <p class='ocr_par' dir='ltr' id='par_1_7' title="bbox 0 0 1346 4740">
     <span class='ocr_line' id='line_1_35' title="bbox 0 0 1346 4740; baseline 0 5"><span class='ocrx_word' id='word_1_267' title='bbox 0 0 1346 4740; x_wconf 95' lang='lat' dir='ltr'><strong> </strong></span> 
     </span>
    </p>
   </div>
  </div>
 </body>
</html>
