2684 4740
179 210 224 258 Xb

182 379 259 455 viro
286 377 438 477 egregio,
464 378 527 475 qui
550 372 646 474 quod
672 374 797 473 potuit,
823 370 1001 472 praestitit
1026 368 1152 469 peritis
1181 369 1288 446 lectu-

185 510 284 584 ribus
310 508 447 596 menda,
474 533 565 604 quae
590 507 627 578 in
651 504 720 578 hoc
744 507 956 578 immensum
988 527 1077 601 opus
1104 526 1288 603 surrepse-

186 649 279 727 runt,
311 637 519 737 corrigenda
551 636 767 735 relinquens.
824 635 916 710 Post
945 632 1172 733 Ducangium
1205 632 1289 707 nibil

187 770 262 842 sere
292 768 518 842 memorabile
550 768 587 840 in
623 767 693 840 boc
730 767 924 843 litterarum
960 789 1091 864 genere
1128 763 1288 864 publicae

187 899 258 974 luci
290 900 490 999 expositum
523 909 580 972 est
609 907 751 998 praeter
783 925 879 988 eam,
915 923 1020 998 quam
1055 895 1288 983 Adamantius

188 1029 324 1106 Coraes
349 1029 520 1120 secundo,
545 1039 672 1129 quarto
699 1039 736 1103 et
761 1030 886 1128 quinto
903 1026 1180 1104 τῶνἈτάκτων
1197 1037 1288 1101 tomo

189 1162 340 1236 inseruit
370 1160 551 1236 materiam
583 1161 734 1239 erariis
766 1160 998 1261 scriptoribus
1031 1167 1067 1231 ct
1099 1154 1289 1258 lexicogra-

189 1293 270 1391 pbis
303 1292 502 1382 collectam,
533 1319 624 1391 qnae
660 1292 789 1367 suturis
823 1291 1015 1365 lexicorum
1049 1288 1289 1364 conditoribus

183 1405 358 1521 proderit.
415 1422 596 1521 Quattuor
627 1423 765 1520 priores
795 1406 902 1520 buius
935 1421 1053 1522 operis
1084 1431 1206 1496 tomos
1238 1440 1291 1495 ex·

191 1554 315 1627 tremis
339 1554 434 1628 vitae
465 1554 566 1626 annis
598 1552 789 1626 amicorum
819 1563 945 1652 rogatu
977 1551 1109 1639 emisit,
1143 1552 1289 1650 quintus

109 1675 114 1683 ’
191 1691 275 1781 post
300 1685 377 1780 ejus
403 1683 537 1757 obitum
562 1683 599 1755 in
623 1683 738 1783 lucem
763 1683 921 1782 prolatus
947 1694 1013 1757 est.
1062 1680 1203 1758 Verum
1229 1684 1291 1758 boc

191 1813 354 1887 ultimum
379 1812 505 1888 Corais
531 1813 713 1886 doctrinae
739 1823 846 1910 atque
870 1814 1002 1914 ingenii
1022 1813 1208 1913 specimen
1223 1842 1292 1890 non
1332 1890 1334 1895 .

190 1942 240 2041 ita
271 1942 463 2043 expolitum
497 1955 568 2034 est,
602 1954 643 2018 ut
673 1943 903 2043 expolivisset
932 1945 987 2020 vir
1018 1944 1185 2038 eximius,
1226 1949 1292 2024 nisi
1332 1950 1334 1995 ⁵

190 2074 260 2170 jam
290 2073 384 2149 vires
418 2073 464 2147 ad
481 2075 563 2149 boc
594 2093 717 2148 senem
748 2073 973 2150 defecissent.
1030 2073 1151 2150 Pudet
1175 2058 1327 2152 dicere·

192 2201 437 2307 de‘Weigelii
463 2216 499 2282 et
523 2205 696 2280 Schmidii
719 2205 862 2298 libellis,
895 2234 914 2280 e
947 2207 1076 2306 quibus
1109 2207 1189 2307 plus
1212 2209 1291 2283 salsi

193 2361 298 2432 quam
329 2339 406 2410 veri
439 2336 567 2410 discas.
626 2338 758 2434 Neque
788 2365 873 2414 vero
900 2338 1041 2412 silentio
1066 2350 1292 2439 praetereun·
1331 2424 1334 2463 1

192 2463 276 2534 dum
312 2474 401 2562 puto
433 2492 579 2564 parrum
614 2466 701 2538 illud
735 2467 918 2566 Delrbqnii
957 2470 1097 2544 lexicon
1134 2462 1292 2556 recentis

148 2676 152 2685 s
191 2591 406 2666 Graecorum
432 2593 582 2696 linguae,
602 2595 706 2696 quod
731 2624 811 2670 cum
837 2599 1069 2699 explicatione
1087 2601 1209 2703 gallica
1226 2603 1293 2676 Pa-

190 2721 285 2796 risiis
303 2727 395 2798 1895
408 2726 624 2826 publicatum
642 2740 707 2804 est.
736 2729 949 2832 Debequius
975 2735 1044 2809 etsi
1063 2734 1203 2808 errandi
1221 2747 1291 2810 tam

191 2848 320 2951 parcus
347 2848 412 2947 est,
440 2885 544 2957 quam
571 2860 628 2933 alii
653 2863 793 2964 prodigi
817 2865 968 2955 suerunt,
988 2878 1107 2939 tamen
1125 2869 1291 2965 quoniam

189 2983 340 3081 plurima
363 2988 532 3062 vocabula
558 3001 595 3066 et
618 2988 797 3091 loquendi
813 3021 942 3091 genera
969 2996 1103 3084 omisit,
1136 3026 1230 3096 quae
1254 3000 1291 3072 in

190 3113 267 3188 aliis
291 3115 413 3192 lexicis
438 3146 511 3194 non
537 3124 767 3222 explanantur
791 3121 963 3196 vel'male
988 3134 1185 3217 vertuntur,
1218 3158 1292 3205 non

189 3270 352 3345 maguum
379 3251 599 3327 discentibus
625 3249 847 3323 commodum
865 3252 992 3324 attulit.
1031 3254 1199 3353 Denique
1216 3288 1321 3335 non-

189 3403 336 3476 prorsus
363 3381 599 3482 spernendum
627 3391 684 3454 est
707 3379 856 3470 lexicon,
883 3381 980 3481 quod
1003 3383 1203 3482 Zalicoglus
1221 3389 1302 3462 Pa-·

188 3509 283 3584 risiis
313 3515 403 3583 1809
428 3508 700 3604 imprimendum
725 3513 870 3590 curavit.
918 3514 959 3587 In
987 3542 1057 3614 quo
1082 3513 1189 3591 verba
1217 3521 1291 3617 gal.

187 3639 255 3713 lica
278 3639 397 3715 verbis
423 3636 638 3713 domesticae
665 3641 884 3753 Graecorum
914 3647 1054 3746 linguae
1078 3645 1288 3746 redduntur,

187 3770 253 3844 sed
276 3766 361 3842 illud
386 3773 575 3871 praecipue
607 3774 880 3874 vituperandum
911 3780 1066 3868 videtur,
1099 3780 1196 3878 quod
1228 3796 1290 3860 au:

186 3894 273 3988 ctor,
299 3900 442 3998 quando
467 3930 575 3981 voces
600 3909 763 4007 proprias
787 3911 956 3998 nescivit,
980 3912 1112 4019 ineptip
1139 3912 1286 3991 circum-
1332 3966 1334 3973 ·

185 4026 423 4109 locutionibus
450 4061 537 4111 usus
564 4048 630 4112 est.
679 4039 755 4114 sea
779 4043 866 4116 sans
892 4042 937 4114 ae
961 4041 1093 4118 reneis.
1148 4022 1163 4065 ⁶

327 4163 482 4255 Primus,
509 4170 606 4270 quod
632 4169 751 4261 sciam,
778 4173 1138 4270 quiG·1·amn1aticanr
1171 4206 1285 4283 popu-
