2684 4740
1169 238 1247 293 xvir

131 401 230 476 tibus
254 425 398 503 semper
421 399 662 500 usurpandam
687 410 915 494 censuerunt,
941 428 982 476 ea
1007 412 1126 479 tamen
1149 405 1238 510 lege,

129 544 173 609 ut
197 544 305 636 prout
329 534 528 609 necessitas
552 531 611 611 vel
636 532 777 607 occasio
792 533 912 625 ferret,
935 534 1051 613 indies
1070 538 1173 638 plura
1192 566 1237 618 ex

127 666 285 743 vetustis
311 665 440 741 arculis
471 674 678 741 ornamenta
711 664 1014 772 depromerentur.
1070 668 1234 750 Melioris

125 799 235 900 hujus
261 798 426 874 dictionis
451 808 576 875 auctor
605 797 841 875 Adamantius
872 797 1008 877 Coraes
1039 800 1114 879 luit.
1165 805 1234 881 Cui

125 932 205 1008 viro
228 929 475 1006 immortaliter
498 931 544 1006 de
569 928 799 1032 popularibus
831 931 924 1024 suis,
956 931 1002 1007 de
1032 935 1232 1011 recentiore

126 1063 341 1155 Graecitate,
367 1063 523 1164 denique
548 1063 594 1138 de
618 1063 747 1138 litteris
772 1064 929 1163 antiquis
955 1065 1099 1155 merito,
1125 1094 1233 1166 quern

124 1199 164 1269 in
189 1197 286 1270 omni
312 1222 443 1297 genere
465 1193 583 1269 laudis
613 1194 709 1266 inter
738 1203 884 1266 nostrae
914 1195 1041 1270 aetatis
1073 1195 1232 1277 Graecos

125 1335 356 1428 anteponam,
380 1325 497 1400 babeo
527 1323 713 1398 nemiuem.
768 1321 843 1422 Qui
874 1351 985 1425 quum
1014 1336 1114 1402 recte
1142 1330 1233 1428 judi·

122 1466 253 1547 casset,
277 1457 349 1532 nisi
373 1457 527 1559 vulgaris
553 1481 672 1532 sermo
702 1454 939 1549 excoleretur,
969 1457 1113 1562 vulgum
1143 1488 1233 1537 nun·

122 1616 230 1691 quam
254 1589 452 1665 litterarum
482 1588 692 1691 participem
723 1613 807 1662 esse
837 1614 965 1690 posse,
996 1600 1105 1692 atque
1136 1591 1232 1670 bunc

122 1748 342 1815 sermonem,
374 1748 482 1821 quem
512 1720 634 1794 multis
666 1719 794 1793 abhinc
825 1721 977 1796 saeculis
1008 1724 1077 1821 jam
1109 1737 1229 1802 natum

119 1854 219 1929 docti
244 1878 388 1954 semper
411 1830 657 1953 despexerant,
682 1851 800 1951 magui
825 1877 908 1927 esse
940 1851 986 1926 ad
1010 1857 1229 1956 perspicien-

119 1986 202 2060 dam
228 1987 430 2062 universam
455 1983 596 2085 linguae
621 2010 769 2086 graecae
792 1994 955 2059 naturam
979 1992 1166 2080 momenti,
1191 1973 1229 2065 in

118 2119 190 2193 lroc
215 2117 410 2193 excolendo
436 2142 578 2190 omnem
611 2141 731 2189 curam
762 2114 963 2214 ponendam
995 2141 1076 2191 esse
1108 2120 1229 2196 existi-

116 2249 239 2326 mavit
285 2248 425 2321 Idcirco
452 2272 514 2320 cos
540 2223 779 2345 reprehendit,
811 2245 872 2345 qui
904 2270 1052 2320 ecasca
1077 2251 1229 2351 antiqui-

119 2391 197 2457 tate
220 2388 425 2482 repeterent
448 2376 617 2456 vocabula
642 2376 775 2451 nemini
791 2377 862 2452 nisi
881 2377 1100 2456 doctioribus
1118 2381 1226 2460 bodie

114 2522 215 2604 nota,
240 2513 272 2589 si
297 2512 442 2614 quidem
466 2537 592 2587 recens
618 2510 736 2612 lingua
768 2508 833 2584 alia
864 2509 958 2584 idem
990 2512 1224 2614 significantia

116 2646 377 2748 suppeditaret,
398 2644 456 2720 vel
473 2644 536 2743 qui
559 2644 748 2719 verborum
765 2641 994 2717 nominumve
1012 2644 1144 2723 formas
1163 2647 1225 2724 diu

117 2781 270 2854 amissas
296 2801 338 2848 ac
362 2773 459 2873 plebi
482 2772 587 2871 plane
611 2771 751 2868 ignotas
777 2781 999 2859 renovarent,
1016 2774 1073 2847 vel
1093 2777 1155 2872 qui
1180 2803 1225 2854 ex

119 2909 266 3009 antiqua
299 2905 419 3007 lingua
450 2928 491 2977 ea
512 2881 713 2976 ¹recentiori
744 2909 949 2975 ornamenta
981 2903 1223 3003 obtruderent,

117 3067 212 3142 quae
235 3040 311 3114 lere
334 3036 488 3137 respuit,
514 3034 596 3135 quia
622 3032 689 3108 alia
713 3032 823 3108 babet
845 3054 919 3108 non
943 3036 1060 3112 minus
1086 3064 1223 3143 magua,

118 3199 211 3275 quae
237 3182 465 3247 contemnere
489 3168 651 3268 iniquum
677 3176 742 3242 est
791 3164 897 3265 Quae
922 3179 1054 3266 quanta
1080 3197 1222 3270 perper.

117 3309 206 3383 sitas
232 3304 290 3393 sit,
314 3303 351 3376 in
375 3311 519 3405 promtu
544 3324 626 3374 esse
650 3325 741 3374 reor.
796 3296 944 3373 Scilicet
974 3299 1060 3374 boni
1083 3302 1134 3375 illi
1158 3302 1221 3383 bo‚

116 3439 232 3514 mines
256 3436 342 3511 dum
366 3460 508 3509 comere
533 3432 688 3537 linguam
721 3429 878 3531 cupiunt,
910 3429 1033 3505 evulsa
1057 3429 1220 3531 pulcher.

115 3569 206 3645 rima
230 3591 331 3640 coma
356 3567 458 3664 quasi
483 3563 699 3640 caliendrum
731 3561 764 3636 ei
793 3561 990 3664 imponunt.
1019 3561 1139 3662 ‘Sunt
1169 3575 1221 3642 ta·

116 3726 210 3791 men,
235 3699 273 3771 in
299 3698 430 3799 quibus
456 3723 476 3770 a
501 3696 616 3772 Corae
639 3696 744 3772 nobis
775 3691 1058 3771 dissentiendum
1090 3706 1127 3771 et
1157 3725 1220 3797 po.

115 3830 274 3930 pularem
300 3828 469 3932 loquendi
493 3854 626 3904 morem
651 3829 823 3907 adversus
850 3829 927 3924 ejus
953 3824 1219 3906 emendationes

115 3946 378 4039 defendendum
394 3973 570 4066 putemus.
607 3961 662 4040 Cf.
679 3972 820 4062 praeter
836 3959 921 4034 alias
941 3959 1097 4035 ultimam
1115 3958 1220 4034 Corn-

116 4097 280 4173 mentarii
303 4095 420 4173 nostri
443 4094 717 4172 adnotationem.
768 4091 893 4169 Corais
911 4091 1101 4167 dictionem
1119 4090 1220 4164 multi

116 4230 322 4330 probarunt,
339 4255 493 4331 eumque
509 4239 679 4331 tanquam
695 4225 934 4327 legislatorem
952 4221 1111 4337 venerati
1129 4231 1223 4296 sunt

871 4364 886 4398 ι
910 4363 924 4397 a
