2684 4740
240 202 272 259 ⁸
730 248 735 256 ¹
1114 238 1163 291 xv

55 419 199 511 captam
222 407 560 512 Constantinopolin
590 432 631 483 ac
661 430 734 483 nun
765 407 878 484 multo
908 419 993 511 post
1022 409 1162 512 prodis

56 552 152 633 runt,
177 541 214 616 in
240 542 370 642 quibus
395 542 552 632 nescias,
576 552 695 616 utrum
720 541 832 642 magis
849 541 1047 616 'furcarum
1071 566 1162 641 quae

56 673 275 782 describitur
297 673 559 764 immanitatem,
591 700 636 746 an
668 672 759 763 stili,
791 699 863 773 quo
896 683 1037 748 exarata
1066 646 1162 763 sunt,

56 807 255 880 barbariem
285 805 442 882 horreas.
496 807 555 880 Ab
591 803 660 879 boc
696 805 781 904 inde
797 840 801 845 ·
817 813 981 907 tempore
1012 806 1162 880 maxima

56 937 282 1037 antiquitatis
310 938 511 1039 ignorantia
544 937 730 1013 Graeciam
747 938 958 1037 ,occupavit
1014 935 1163 1038 Quippe

54 1069 212 1168 inclytus
238 1069 321 1143 olim
346 1071 520 1171 sapientia
544 1069 716 1171 populus,
747 1078 804 1144 tot
833 1068 925 1142 mala
953 1094 1048 1167 quae
1083 1094 1163 1168 per·

55 1226 193 1300 pessus
215 1212 292 1275 erat
315 1211 352 1275 et
377 1201 538 1300 quotidie
570 1201 769 1273 Terrarum
799 1196 1008 1272 crudelitate
1038 1222 1165 1299 perpe-

57 1331 218 1404 tiebatur
242 1331 404 1432 cogitans
429 1330 545 1420 unico,
571 1328 668 1429 quod
694 1326 884 1402 christiana
906 1328 1033 1430 religio
1063 1356 1165 1431 prae·

10 1463 13 1466 ’
58 1463 178 1552 bebat,
202 1461 330 1536 solatio
360 1463 641 1550 sustentabatur,
666 1461 863 1535 litterarum
895 1460 1024 1537 studiis
1048 1461 1164 1563 (prob

54 1593 196 1690 dolori)
221 1593 405 1694 neglectis.
463 1593 548 1671 Etsi
584 1603 715 1668 autem·
734 1593 873 1668 litterae
902 1594 972 1693 jam
1002 1594 1039 1667 iu
1064 1604 1164 1671 tene·

55 1725 132 1800 bris
157 1727 331 1824 jacebant,
357 1726 501 1799 luerunt
524 1735 643 1798 tamen
665 1725 761 1798 inter·
784 1723 992 1800 sacerdotes
1018 1725 1078 1824 qui
1103 1752 1163 1802 ve-

56 1868 174 1932 terum
200 1876 307 1957 opera
333 1856 477 1930 assidue
500 1855 662 1957 legerent
686 1855 949 1958 divulgatisque
978 1855 1077 1931 libris
1103 1883 1164 1930 an·

55 1989 160 2087 tiquo
185 2013 350 2064 sermone
375 1988 520 2088 scriptis
551 1986 837 2063 inclarescerent.
864 2022 867 2027 ·
897 1987 1009 2087 Quod
1042 2014 1163 2089 quem·

56 2145 167 2219 quam
191 2119 357 2194 laudabili
381 2117 547 2192 instituto
571 2118 743 2206 lecerunt,
767 2129 809 2192 ut
831 2119 1061 2217 peritioribus
1085 2121 1163 2220 qui-

55 2249 210 2324 busdam
233 2250 464 2351 prodessent,
489 2248 585 2348 plebi
609 2230 728 2322 tamen
753 2248 801 2322 ob
831 2249 1040 2341 dictionem,
1072 2278 1164 2351 quae

57 2382 181 2481 ipsius·
197 2381 573 2482 captum-superabat,
602 2379 778 2481 prodesse
808 2382 1013 2483 nequibant.
1066 2383 1163 2460 lute-

56 2515 124 2587 rinr
155 2513 283 2614 vulgus
314 2514 488 2615 perpetuo
516 2513 562 2587 in
591 2512 735 2613 templis
775 2523 847 2589 tam
882 2515 1015 2592 veteris
1054 2540 1161 2617 quam

54 2645 140 2722 novi
171 2645 378 2721 testamenti
411 2646 544 2744 scripta
580 2644 786 2719 sacerdotes
820 2645 962 2745 publice
999 2647 1161 2749 legentes

55 2776 206 2852 audiens
232 2775 286 2847 sic
309 2773 520 2871 impeditum
546 2782 617 2861 est,
644 2772 833 2870 quominus
859 2798 1008 2874 prorsus
1036 2777 1162 2852 barba·

57 2931 137 2982 rum
167 2903 338 3005 loquendi
368 2903 519 2978 modum·
541 2905 745 2979 ascisceret
799 2905 885 2985 Tria
915 2900 993 2983 lere
1016 2908 1160 2984 saecula

56 3048 143 3141 post
164 3036 304 3139 imperii
321 3035 508 3136 Byzantini
525 3063 691 3113 occasum
706 3040 930 3131 transierant,
950 3067 1061 3142 quum
1076 3066 1160 3143 pars

56 3169 231 3270 quaedam
254 3168 413 3244 Graecae
437 3170 608 3262 nationis,
634 3169 742 3270 quod·
755 3184 988 3248 mercaturam
1013 3183 1159 3249 strenue
1296 3254 1299 3259 ,

54 3301 204 3394 lecerat·
225 3300 357 3377 divitiis
382 3312 495 3394 aucta,
530 3304 625 3378 circa
640 3308 793 3379 'annum
833 3309 925 3379 ¹750
961 3305 1158 3381 litterarum

56 3460 177 3511 amore
190 3433 350 3511 ,incendi
366 3436 493 3536 coepit
541 3436 648 3512 Adde
673 3436 770 3536 quod
795 3435 916 3537 plures
935 3437 1158 3537 Graeciqui

57 3565 187 3666 opibus
204 3598 213 3633 x
226 3572 339 3666 aeque
375 3577 485 3667 atque
520 3567 664 3670 ingenio
700 3568 896 3670 pollebant,
938 3566 985 3642 ad
1018 3566 1159 3645 Molde·

58 3700 151 3777 viam
176 3695 433 3798 Vlechiamque
474 3699 785 3785 administrandam
816 3699 1065 3777 aTurcarum
1089 3703 1158 3776 lma·

57 3832 323 3932 peratorejam
344 3829 711 3931 -superiorissaeculi
741 3832 845 3906 initio
863 3832 1024 3909 admoti·
1047 3826 1158 3913 emm.

57 3962 106 4039 Hi
148 3986 271 4037 omnes
300 3988 387 4037 -non
426 3964 564 4038 tantum
583 3965 676 4064 ipsi
722 3963 931 4041 eruditionis
979 3963 1159 4041 desiderio

58 4097 306 4193 tenebantur,
348 4093 414 4171 sed
462 4096 588 4171 etiam·
612 4094 849 4195 popularibus
884 4096 982 4175 ‚tiam
1029 4100 1158 4198 quaevis

58 4230 244 4304 modoad
280 4253 358 4303 eam
383 4227 533 4305 munire
569 4227 772 4318 studebant,
808 4231 876 4306 rati
911 4240 988 4305 tum
1017 4228 1159 4303 demum
