2684 4740
1168 242 1213 312 47

108 429 254 520 ἠρχόμην
276 450 308 503 et
330 431 468 520 πρόνοια.
512 437 601 502 Idem
624 437 706 502 libro
728 433 814 498 acroi
836 453 860 496 ι.
881 431 1012 518 Ἧγονμ.
1036 440 1121 501 νοω.
1140 433 1214 500 tto.

108 583 183 650 pag·
208 560 262 626 24.
284 564 333 626 ed.
359 561 434 625 Cor.

220 676 278 745 καὶ
297 678 366 743 κατ’
389 676 498 765 ὀλίγον
519 674 629 764 ὁλιγόν
650 675 813 763 coeptae·
827 672 868 742 roi
889 675 970 744 ὀστᾶ
990 706 1067 762 petru,

109 809 240 871 Pariter
262 806 357 871 hodie
379 806 414 869 in
438 808 632 871 carminibus
654 805 861 893 popularibus
889 826 918 869 v.
942 827 969 868 c.
997 825 1049 893 ap.
1071 805 1213 870 Falerio·

109 929 174 994 lem
198 931 288 993 Tom.
306 929 347 992 11.
372 949 444 1014 pag.
459 927 538 992 132:

261 1037 384 1131 doopov
405 1042 561 1128 provocavi
582 1047 730 1131 φοροῦσι,
752 1042 902 1108 κόκκινον
922 1041 1044 1124 muudi,

108 1176 167 1238 ubi
189 1164 345 1250 φουστάνι
365 1172 498 1254 linguae
518 1172 645 1254 legibus
668 1170 908 1233 convenientius
931 1181 1010 1233 erat.

244 1294 288 1356 V.
311 1291 343 1356 6.
386 1281 502 1371 κάμνει
522 1296 604 1356 bene
626 1293 723 1356 vertit
745 1291 879 1355 Clusius
890 1287 1003 1379 fecit.
1046 1293 1107 1359 Est
1128 1296 1215 1359 enim

107 1417 198 1505 apud
226 1415 367 1478 Graecos
394 1416 584 1480 recentioris
612 1415 727 1480 aetatis
752 1400 866 1494 κάμνω
893 1413 979 1478 nihil
1011 1417 1077 1480 nisi
1093 1413 1214 1504 secio,

109 1542 160 1605 ita
180 1551 217 1603 ut
238 1538 350 1622 magni
372 1536 537 1622 eujusdam
559 1538 680 1602 laboris
705 1537 848 1622 suscepti
872 1537 1086 1621 significatio,
1118 1559 1213 1622 quam

109 1663 196 1751 apud
217 1662 406 1740 Homerum,
429 1661 607 1740 ubicunque
636 1661 806 1724 transitive
834 1657 895 1722 hoc
917 1663 1046 1726 verbum
1067 1675 1212 1749 usurpat,

109 1785 249 1872 reperiri
271 1784 434 1846 neminem
456 1783 637 1846 accuratius
665 1765 826 1865 singulos
839 1778 928 1846 iocos
958 1785 1214 1850 considerantem

110 1908 211 1991 fugit,
238 1925 325 1970 nunc
352 1905 449 1991 plane
478 1926 499 1969 a
526 1908 621 1969 verbo
650 1906 742 1968 absit.
793 1902 868 1966 darn
891 1924 986 1986 quum
1006 1906 1103 1992 paulo
1126 1907 1214 1973 aliud

109 2032 155 2094 sit
176 2028 383 2091 Homericum
404 2026 443 2090 Il.
467 2026 573 2102 VlH.,
596 2026 669 2090 195.
693 2012 863 2086 δαιδάλεον
878 2017 1020 2112 ἓῶρηκα,
1034 2017 1087 2086 τὸν
1101 2017 1213 2107 Ἠφαμ

109 2170 185 2222 σιος
211 2140 295 2231 κάμε
323 2139 456 2228 aeduam,
480 2168 575 2230 quam
597 2148 680 2230 quod
708 2167 795 2210 nunc
823 2145 939 2210 Graeci
961 2147 1002 2210 ad
1024 2148 1141 2213 multas
1163 2171 1217 2217 res

109 2274 279 2361 applicant
300 2260 424 2348 κάμνω,
446 2269 585 2355 exempli
606 2270 714 2353 gretia
741 2258 841 2348 ἔκαμε
867 2260 1004 2346 ιαξίδιον
1030 2267 1097 2336 iter
1107 2269 1214 2361 fecit,

107 2384 199 2462 subit
219 2395 361 2480 proiecto
383 2391 507 2473 mirari,
531 2393 613 2474 quod
634 2404 763 2479 praeter
784 2390 987 2474 Dehequium
1009 2395 1045 2458 in
1066 2379 1213 2463 Diction·

110 2520 206 2584 naire
234 2536 309 2600 grec
337 2514 487 2578 moderno
514 2516 656 2595 franceis
686 2538 712 2580 s.
736 2515 768 2578 h.
791 2537 819 2579 v.
843 2537 883 2579 ac
904 2515 1061 2581 Davidem
1083 2524 1213 2603 Προλεγ.

110 2639 155 2713 εἷς
176 2629 230 2700 {dv
243 2626 508 2719 Παραλληλισμόν
529 2633 581 2708 τῆς
604 2630 663 2694 idi.
684 2657 714 2694 κ.
734 2659 785 2713 γρ.
806 2637 856 2712 γλ.
880 2638 945 2694 aad.
967 2629 995 2696 ι’.
1017 2648 1050 2700 et
1072 2639 1130 2703 alii
1151 2643 1214 2705 viri

110 2763 201 2829 docti
212 2763 298 2823 inter
311 2777 394 2831 eam,
403 2775 498 2835 quam
510 2754 754 2817 commemoravi
761 2752 966 2818 Homericam
982 2759 1069 2820 verbi
1080 2770 1217 2844 potesta.

109 2899 181 2951 tem
202 2880 363 2960 ccillam,
387 2897 468 2958 quae
490 2877 633 2941 nuncin
655 2896 715 2940 usu
737 2887 804 2952 est,
830 2876 1101 2961 significationem
1130 2881 1214 2949 nihil

109 3003 310 3074 discriminis
332 3022 402 3066 esse
423 3004 626 3064 statuerunt·
891 2993 895 3010 '

242 3117 323 3208 φατ’
348 3113 402 3204 ε’μέ
424 3144 482 3210 per
502 3144 699 3211 paragogen,
715 3142 811 3206 quum
832 3125 953 3189 vocalis
975 3140 1135 3209 sequatur,
1152 3152 1211 3216 pro

110 3246 171 3336 yid
194 3240 249 3331 ε’μὲ
270 3249 326 3311 i.e.
340 3239 382 3306 δι’
399 3236 463 3326 ε’μὲ.
487 3246 746 3332 Propriesonat:
769 3245 843 3328 „ed
852 3267 915 3323 me,
937 3248 971 3310 id
992 3261 1051 3329 est,
1073 3263 1110 3313 ut
1133 3250 1212 3314 Cru-

111 3377 181 3440 sius
196 3383 283 3436 recte
298 3370 458 3457 expressit
473 3344 641 3434 edmerum
655 3389 758 3432 usum.
788 3367 950 3435 Similiter
961 3369 1086 3453 adjecto
1097 3387 1114 3434 r
1125 3363 1210 3430 ἄπιστ’

111 3518 172 3585 pro
194 3486 255 3555 ἀπὸ
278 3496 412 3559 barbare
436 3493 554 3556 dicitur
575 3513 602 3557 v.
627 3513 654 3555 c.
677 3483 762 3553 ἄνοι’
787 3484 892 3572 ἒμένα.
938 3491 986 3557 Ci.
1012 3490 1148 3555 Coraem
1171 3494 1211 3561 ad

111 3620 279 3684 Prodrom.
304 3635 376 3702 pag.
400 3612 452 3678 70.
504 3614 555 3679 De
581 3614 705 3697 reliquo
728 3619 895 3681 observare
917 3616 1025 3696 liceat,
1047 3616 1211 3699 significa.

111 3754 181 3806 tum
207 3738 456 3828 praepositionis
483 3726 539 3797 διὰ
567 3758 639 3802 cum
668 3740 847 3803 accusativo
876 3748 1094 3819 constructae,
1118 3760 1211 3821 quem

111 3864 167 3929 hic
189 3864 359 3942 cernimus,
381 3860 538 3924 latissime
558 3881 616 3946 per
637 3861 781 3945 linguam
803 3859 952 3923 diffusum
973 3881 1053 3925 esse.
1097 3863 1210 3946 Neque

110 3987 199 4050 enim
216 3984 323 4048 *solum
346 3983 387 4048 ad
409 3982 453 4061 id,
476 3982 559 4063 quod
580 3985 654 4047 usui
675 3996 734 4063 est,
758 3982 991 4050 enunciandam
1019 3983 1208 4071 applicatur,
1230 4005 1236 4010 ·

109 4109 167 4173 sad
197 4107 296 4170 etiam
324 4089 364 4169 ad
393 4104 490 4166 finem
521 4117 552 4169 et
580 4106 751 4170 eonsilium
777 4103 1027 4189 exprimendum.
1081 4108 1152 4182 Quo
1176 4109 1210 4174 in

108 4250 232 4325 genere
255 4227 371 4291 mirum
393 4238 452 4306 est,
475 4248 574 4316 prope
597 4247 723 4313 semper
746 4227 787 4290 ad
808 4227 1082 4311 interpretandum
1103 4239 1210 4326 aptam
