2684 4740
1146 236 1180 287 u

70 397 165 473 sium
189 395 387 497 principem
413 387 495 472 esso
527 394 715 486 editorem,
746 397 813 471 alia
844 401 1003 477 nascitur
1033 402 1178 480 dilhcul·

69 540 135 605 tas
185 527 360 631 Dialogus
386 528 552 606 videlicet
583 528 728 603 carmini
759 531 829 630 ipsi
860 535 1079 632 praemissus
1118 562 1177 612 au·

70 672 208 738 ctorem
234 663 312 736 sine
338 660 444 736 dubio
470 659 698 761 bibliopolam
723 661 842 753 hahet,
861 665 923 763 qui
940 691 1030 757 eum,
1050 677 1091 742 ut
1104 692 1175 741 em·

68 805 167 891 tores
193 792 358 882 alliceret,
384 792 529 869 addidit
580 794 725 869 Etenim
749 795 884 872 inutilis
915 797 1075 898 prolecto
1107 810 1174 891 cst,

10 1016 31 1023 .-
69 927 111 1017 si,
151 926 250 1028 quod
287 926 382 1026 apud
420 925 589 1001 Crusium
618 927 676 1017 fit,
712 927 828 1003 medio
867 928 957 1005 lihro
993 930 1172 1007 inseritur.

32 1156 37 1165 Ι
66 1058 312 1160 Quamobrem
337 1059 488 1158 conjicio
513 1058 571 1136 vel
595 1056 823 1148 llllilandrum‚
847 1059 905 1135 vel
929 1059 1034 1134 alium
1051 1087 1172 1160 quem·
1247 1044 1254 1055 ⁸

10 1154 26 1181 ι
66 1191 162 1293 piam
189 1217 234 1264 ex
257 1189 378 1264 Crusii
403 1190 600 1288 discipulis
625 1196 687 1261 aut
711 1188 851 1278 amicis,
882 1216 991 1288 quum
1023 1193 1092 1289 jam
1122 1191 1174 1265 di-

67 1320 216 1400 vendita
241 1331 366 1395 essent
382 1320 488 1419 hujus
504 1318 732 1420 paraphrasis
750 1319 963 1423 exemplaria
977 1321 1034 1397 vel
1053 1348 1173 1419 quum,

65 1451 166 1553 quod
191 1461 327 1527 emeret
350 1451 550 1552 exemplum
573 1449 732 1525 nancisci
756 1474 829 1524 uon
853 1463 991 1552 posset,
1005 1453 1173 1554 impressi

64 1584 147 1659 libri
182 1582 425 1686 apographum
462 1581 592 1658 Crusio
631 1583 783 1658 misisse.
831 1583 962 1684 Neque
999 1584 1068 1659 hoc
1099 1584 1170 1660 ullo

64 1714 171 1791 modo
209 1714 441 1817 improbabile
470 1725 556 1789 est.
594 1713 782 1812 Siquidem
811 1715 900 1789 Zeui
930 1726 1093 1816 tempore
1124 1718 1171 1791 ob

66 1859 241 1923 emtarum
271 1846 502 1947 paucitatem,
532 1871 643 1946 pauca
674 1846 781 1921 modo
812 1846 983 1921 librorum
1015 1848 1170 1922 Graeco·

63 1980 292 2056 barbarorum
317 1976 479 2078 exempla
501 1977 598 2077 typis
614 1975 769 2053 describi
783 1978 955 2069 solebant,
974 2004 1065 2079 quae
1083 2004 1170 2079 spes

63 2121 156 2201 erat,
180 2110 257 2184 lore
287 2119 329 2186 ut
357 2109 461 2186 brevi
493 2106 787 2182 distraherentur.
842 2108 1033 2183 Praeterea
1062 2111 1169 2185 unius

62 2242 135 2317 diei
160 2241 278 2340 spatio
302 2240 373 2312 hoc
397 2263 540 2312 carmen
563 2264 672 2312 mauu
695 2236 850 2312 describi
874 2238 1001 2338 potuit.
1030 2237 1169 2314 Idcirco

61 2373 95 2448 si
121 2369 273 2447 Crusius
303 2395 377 2444 nou
405 2368 534 2445 librum
563 2368 664 2470 typis,
692 2369 922 2470 impressum,
952 2368 1017 2445 sed
1046 2395 1169 2447 mauu·

61 2504 236 2605 scriptum
261 2502 414 2604 accepit,
445 2501 584 2579 facilius
614 2500 862 2605 intelligimus,
894 2529 958 2579 eur
987 2502 1060 2578 duo
1091 2502 1166 2579 scre

59 2636 168 2711 millia
192 2635 390 2736 scripturae
414 2633 636 2729 mendorum,
660 2645 804 2732 praeter
828 2633 916 2707 alios
941 2658 1100 2723 errores,
1128 2634 1166 2709 in

58 2779 199 2845 textum
223 2763 443 2863 irrepserint
501 2762 587 2861 Ipse
618 2762 714 2833 euim
742 2761 912 2848 Crusius,
936 2762 999 2860 qui
1027 2763 1164 2861 primus

59 2899 217 2975 omnium
248 2894 508 2970 Germanorum
539 2891 808 2996 cognoscendae
832 2890 1042 2968 recentioris
1067 2918 1166 2995 grac-

58 3030 178 3107 citatis
203 3027 397 3130 cupiditate
420 3025 606 3127 flagrabat,
636 3023 704 3100 sed
728 3027 806 3124 ejus
831 3034 994 3100 accurate
1024 3024 1165 3103 discen-

58 3164 127 3246 dae
152 3161 376 3237 occasionem
400 3184 474 3233 non
497 3157 661 3247 habebat,
686 3156 842 3258 imperiti
864 3156 996 3232 librarii
1022 3184 1162 3235 errores

56 3295 185 3373 tollere
210 3292 288 3368 ¹non
317 3301 469 3392 poterat.
523 3289 590 3366 Ait
619 3287 764 3390 quidem
794 3287 946 3365 Crusius
976 3291 1014 3364 iu
1043 3290 1161 3391 Epist

56 3425 286 3503 Dedicatoria
310 3453 345 3526 p.
370 3427 410 3498 5:
434 3423 651 3515 „Neminem
676 3422 782 3498 etiam
807 3420 956 3496 ollaudit
978 3422 1017 3496 iu
1040 3421 1162 3520 hujus·

55 3557 153 3632 modi
177 3556 322 3656 scriptis
345 3555 538 3631 hodiernae
562 3554 766 3655 scriptionis
798 3565 835 3630 et
869 3564 1078 3630 accentuum
1107 3555 1159 3630 iu-

56 3690 162 3780 curia,
189 3713 293 3789 quam
321 3686 366 3761 de
390 3687 564 3762 industria
586 3687 727 3777 retinui,
752 3687 847 3762 sieut
861 3687 899 3761 in
914 3688 1157 3790 Autographia

57 3815 142 3913 crat,
167 3831 208 3896 ut
232 3825 415 3920 appareat,
440 3829 612 3920 quantum
643 3818 782 3894 differat
812 3818 900 3893 haec
931 3818 1080 3904 Graecia
1112 3821 1156 3894 ab

55 3953 113 4038 illa
139 3950 293 4054 prisca.’'
340 3950 416 4024 Sed
439 3951 526 4026 lalsa
550 3950 714 4041 retinere,
738 3976 857 4049 neque
889 3950 1033 4039 docere,
1068 3978 1155 4050 quo·

56 4084 163 4161 modo
189 4082 398 4183 corrigenda
423 4083 505 4171 siut,
531 4091 638 4182 atque
663 4083 810 4180 insuper
826 4092 961 4181 putare,
979 4106 1089 4180 posse
1106 4092 1156 4154 ta-

54 4216 143 4293 lium
166 4239 286 4290 rerum
310 4214 454 4314 ignaros
480 4239 523 4288 ex
546 4214 646 4289 salsis
672 4211 806 4309 aliquid
821 4213 979 4298 discere,
1002 4236 1074 4284 non
1097 4205 1155 4281 est

802 4349 815 4380 ᾖ
824 4349 877 4382 *Η
891 4347 913 4412 2
