2684 4740
198 189 268 263 138
305 223 312 236 ·

194 381 285 451 cliuo
312 399 383 457 me,
409 390 576 469 praeterea
594 375 735 466 pendeo.
779 350 936 442 Ducenda
957 387 1007 441 est
1027 395 1092 441 vox
1114 395 1135 440 a
1158 385 1294 441 veterum

195 497 317 584 abaco,
346 522 535 587 quamquam
562 521 628 567 non
654 500 864 592 improbabile
885 500 1024 581 videtur,
1045 510 1217 582 utramque
1238 501 1292 564 ior-

195 649 283 696 mam
298 632 370 713 Jam
391 638 532 692 veterum
554 645 633 690 aevo
654 624 828 700 exstitisse,
851 623 906 705 qui
927 613 1037 703 μικρὸς
1057 633 1091 687 et
1112 614 1247 704 σμικρὸς
1264 633 1291 686 et

195 751 263 819 alia
294 750 493 839 usurpabant
519 747 690 828 vocabula,
723 747 836 831 quibus
864 758 1042 835 epraeter
1075 746 1290 809 necessitatem

195 875 291 940 modo
312 873 498 953 addebatur,
520 872 615 935 modo
638 871 829 936 demebatur.
858 903 903 918 ··-
932 859 1135 935 Dedalium
1157 870 1196 932 ci.
1220 888 1288 953 quae
1332 932 1334 961 ζ

163 1053 168 1075 ,
197 998 337 1063 diximus
359 995 503 1060 advers.
525 990 601 1058 374.
1332 966 1334 1079 i

327 1117 371 1182 V.
393 1115 468 1183 398.
512 1106 638 1192 moadeca
658 1115 798 1203 explicui
818 1135 899 1180 vers.
925 1113 999 1180 191.
1138 1116 1144 1123 ’

328 1239 371 1304 V.
395 1238 471 1306 399.
516 1239 568 1303 Dc
591 1226 688 1302 ἔδωκε
716 1240 756 1302 ci.
780 1257 859 1320 quac
882 1238 1087 1323 exposuimus
1110 1237 1153 1301 ad
1174 1257 1202 1304 v.
1224 1234 1284 1302 360.

330 1359 373 1426 V.
397 1360 472 1449 400.
517 1352 665 1421 adamae
689 1360 921 1424 recentioribus
938 1371 1015 1424 suot
1029 1379 1124 1436 ossa,
1139 1350 1226 1422 ὀστᾶ.
1246 1359 1284 1424 ct.

196 1485 346 1569 Ducang.
370 1484 476 1547 Gloss.
499 1486 541 1574 ad
562 1483 671 1569 script.
693 1481 774 1545 med.
798 1492 831 1545 et
851 1482 910 1545 ini.
934 1483 990 1546 Gr.
1013 1478 1107 1547 Tora.
1130 1483 1201 1572 11».
1223 1480 1285 1561 680,
1332 1564 1334 1569 Ι

197 1608 253 1672 ubi
274 1618 384 1671 tamen
406 1603 492 1669 male
511 1594 652 1664 κόκαλου
673 1591 847 1668 exaratum
862 1616 922 1668 est.

329 1726 372 1794 V.
395 1725 470 1792 401.
516 1717 692 1798 ἆνάσκελος
721 1726 806 1815 apud
833 1728 935 1792 aostri
969 1729 1126 1816 temporis
1159 1727 1284 1792 Graecos

136 1843 139 1851 ’
198 1863 248 1917 est
269 1848 456 1939 resupinus,
476 1838 588 1920 berroe-
633 1846 692 1914 stc
714 1860 747 1915 et
768 1841 949 1932 οἱνᾶσκελα,
972 1852 1055 1935 quod
1077 1849 1288 1917 adverbialiter

199 1974 254 2040 hic
280 1975 430 2064 ponitur,
459 1971 712 2057 intelligendum.
765 1971 900 2038 Crusius
927 1974 968 2066 ad
996 1974 1140 2039 litteram
1162 1974 1289 2040 reddidit

198 2093 353 2162 erroribus
366 2115 495 2161 sursum
504 2091 683 2182 porrectis.
716 2091 776 2159 Sic
790 2095 827 2160 iu
840 2095 986 2162 Historia
998 2097 1171 2185 Apollonii
1191 2097 1287 2181 Tyrii:

347 2209 405 2280 atui
426 2200 791 2293 &mucamitem
812 2205 959 2300 φᾶμορφα
979 2210 1155 2304 παλικᾶρια
1254 2242 1257 2255 ·

199 2363 293 2426 quem
315 2340 423 2405 locum
443 2341 632 2424 Ducangius
649 2362 676 2404 s.
690 2339 723 2404 h.
734 2361 765 2405 v.
782 2342 887 2405 citans
909 2343 958 2406 sic
973 2343 1138 2426 corrigere
1154 2344 1289 2409 debebat:

348 2450 570 2567 κίἆνᾶσκελα
590 2452 634 2521 voi
654 2455 815 2522 miramo
836 2455 860 2524 τ’
884 2449 1010 2546 ὄμορφα
1029 2454 1232 2547 donandam.

198 2571 378 2663 ἁπλῶὲηκε,
400 2593 436 2648 ut
457 2602 551 2649 versu
572 2581 648 2650 391.
671 2619 715 2633 -
737 2577 905 2671 ξεψυχῆσῃ
927 2588 1161 2677 interpretatus
1176 2608 1242 2654 sum
1255 2586 1291 2652 ad

198 2714 279 2775 vers.
302 2705 355 2774 90.
785 2730 787 2734 ·

329 2828 372 2897 V.
396 2827 471 2896 403.
517 2817 618 2890 ἔσωσε
640 2827 778 2897 inuasit.
822 2831 899 2899 Vid.
922 2832 964 2897 ad
979 2852 1059 2900 vers,
1076 2833 1131 2900 92.
1155 2822 1291 2914 acromion

199 2955 240 3016 ob
261 2953 425 3033 synizesin
446 2973 506 3037 pro
528 2943 678 3032 λεουτάρι.
722 2954 799 3017 Vid.
829 2955 871 3018 ad
891 2953 1027 3041 Dialogi
1048 2977 1132 3022 vers·
1160 2923 1224 3024 1.υ
1232 2958 1290 3023 Hoc

192 3061 351 3153 -bezcuro'tot
383 3070 434 3136 val
466 3061 646 3155 λεοντᾶρισυ
677 3074 905 3140 deminutivum
950 3090 1000 3143 cst
1039 3081 1191 3147 vocabuli
1215 3074 1289 3142 aaa.

199 3195 281 3263 Pari
294 3196 435 3278 synizesi
447 3195 826 3283 Gallorumcousuetudo
848 3196 919 3264 lion
942 3223 983 3266 ex
1004 3201 1112 3267 latino
1128 3200 1290 3272 leoniano

198 3319 287 3384 mine
309 3319 393 3383 iecit

330 3439 374 3504 V.
397 3437 473 3507 404.
509 3430 645 3503 οἱποίνου
666 3442 721 3508 hic
740 3464 862 3528 quoquc
884 3457 934 3510 est
955 3442 1002 3523 in,
1024 3456 1163 3527 contra,
1187 3447 1292 3516 odoa-

198 3585 262 3631 aus.
311 3563 361 3629 Gi.
383 3585 464 3630 vers.
489 3562 564 3631 286.
587 3600 632 3612 -
654 3555 806 3647 ἀπόλυσε,
826 3555 1059 3637 6166116375.
1083 3607 1130 3621 -
1152 3562 1290 3658 βοῦρλινᾶ

200 3690 222 3752 1.
245 3708 273 3751 c.
296 3674 468 3767 βοῦρλινον.
512 3686 546 3753 Α
559 3689 760 3754 substantivo
783 3689 927 3774 βοῢρλον,
951 3695 1034 3776 quod
1056 3694 1202 3782 legimus
1215 3713 1291 3765 verra

199 3806 278 3890 274,
300 3809 462 3873 derivatur
484 3810 676 3895 adjectivum
697 3803 868 3896 βοῦρλινος,
886 3815 1035 3903 junceus.

163 4018 165 4022 μ
331 3930 375 3994 V.
399 3927 473 3997 405.
518 3922 637 4040 mabadc’
664 3935 806 4021 explicui
832 3922 862 4002 v.
892 3937 961 4033 55'.
986 3973 1031 3990 ·-
1067 3929 1172 4006 iaaac
1201 3938 1293 4010 orel

200 4072 283 4117 vers·
307 4049 383 4117 362.
403 4085 468 4114 .-.
483 4049 627 4137 ἕβγῆκαν
649 4054 669 4121 3
691 4077 774 4144 pers.
795 4058 839 4145 pl.
862 4081 930 4128 aor.
953 4062 1019 4130 ind
1043 4068 1135 4134 vorbi
1159 4058 1294 4154 e'pyaim

199 4175 286 4261 quod
307 4175 446 4266 legimus
467 4197 562 4246 versu
586 4177 649 4247 178
671 4190 704 4245 et
725 4180 812 4248 alibi.
860 4255 863 4263 ,
