2684 4740
1201 150 1248 222 87

139 318 458 406 supra,saporius.⁴
490 323 595 390 Varia
618 337 727 394 tamen
749 333 819 413 eJua
841 334 986 400 vocabuli
1008 337 1057 401 via
1077 350 1136 404 ost.
1159 341 1244 409 Vide

138 440 302 526 Dehequii
324 444 411 507 Dict.
435 444 489 507 Gr.
514 448 597 512 mod.
618 450 719 515 franc.
742 473 767 517 s.
789 451 820 517 h.
842 475 871 519 v.
920 455 1062 538 Etymon
1080 450 1181 527 hauet
1202 468 1241 530 ab

137 566 271 647 antiquo
300 557 405 626 ἐπάνω
431 581 509 634 nota
535 571 693 638 vocalium
714 596 738 634 α
758 588 792 640 et
813 599 829 636 ε
854 576 1085 662 alternatione,
1113 582 1154 651 do
1180 603 1242 666 qua

121 650 292 753 ⁸disseruit
313 689 513 755 Matthiaeus
537 693 679 759 Gramm.
703 697 757 760 Gr.
778 719 851 785 pag.
874 697 917 765 llt
939 702 987 765 ed.
1010 697 1048 765 2?

110 797 122 824 ⁶
268 810 310 877 V.
338 810 410 876 121.
454 804 596 877 aalma
622 819 674 882 vel
696 830 732 883 ut
753 820 812 885 alii
834 824 979 886 scribunt
1000 812 1158 887 ἅπὸκοπα
1178 848 1238 892 au·

135 929 266 997 dacter.
312 924 464 1006 ἀπόκοτος
480 940 709 1003 recentioribus
725 940 858 1006 Graecis
875 956 923 1007 est
943 943 1156 1024 temerarius,
1178 970 1237 1013 au.

132 1053 223 1136 dax,
242 1075 392 1141 procax,
411 1055 585 1142 petulans,
608 1058 790 1138 acrimonte,
812 1059 997 1151 confidens,
1025 1071 1113 1150 cujus
1135 1073 1237 1134 nomi·

131 1180 188 1241 nis
210 1179 317 1240 varias
339 1177 554 1242 derivationes
582 1184 722 1244 'tentavit
751 1183 872 1248 Coraes
900 1187 942 1249 ad
969 1185 1133 1252 Heliodor.
1162 1196 1237 1270 Meg.

133 1287 164 1376 β’
188 1300 253 1357 σελ.
278 1295 351 1379 147,
373 1317 470 1384 porro
490 1299 531 1362 ad
546 1299 779 1386 Ptochoprodr.
794 1325 867 1391 pag·
884 1304 948 1369 305
964 1308 1100 1390 denique
1114 1301 1233 1376 ’Arm

130 1419 224 1482 Tam.
247 1419 282 1481 Π
302 1439 376 1504 pag.
393 1416 436 1483 60
456 1440 539 1501 seqq.
585 1421 672 1485 Mihi
696 1427 788 1490 unice
810 1447 849 1490 ea
870 1430 1025 1513 probatur
1048 1430 1233 1514 originalia,

130 1560 213 1623 quae
235 1552 269 1602 et
289 1541 353 1626 ipsi
376 1541 517 1604 omnium
539 1544 680 1607 maxime
701 1545 831 1631 placuit,
855 1568 918 1631 qua
943 1551 1110 1615 deducitur
1129 1538 1232 1616 andr.

127 1682 196 1739 σος,
224 1681 285 1744 quo
312 1664 445 1726 nomino
472 1662 589 1728 Graeci
616 1667 721 1729 media
748 1681 853 1733 aetate
880 1668 990 1736 tulum
1012 1673 1229 1759 appellabant.

125 1786 209 1851 Inde
229 1783 323 1850 fluxit
343 1777 470 1858 κοττίςω
492 1796 525 1848 et
546 1785 655 1849 addita
677 1791 916 1875 praepositione
939 1784 1128 1867 ἅποκοττίζω
1146 1791 1231 1860 talis

105 1914 184 1973 'seu
205 1903 342 1972 tesseris
363 1903 452 1973 ludo.
496 1906 640 1973 Proinde
661 1899 829 1981 ἀπόκοτνος
850 1913 1001 1999 primitus
1028 1914 1153 1977 videtur
1173 1935 1230 1979 no·

126 2033 279 2110 minatus,
297 2031 435 2112 quirem
457 2029 547 2094 aleae
569 2030 701 2117 plenam
721 2035 858 2121 suscipit
879 2046 973 2116 atque
995 2036 1116 2100 idcirco
1133 2047 1232 2100 terne·

83 2133 85 2135 ¹
125 2155 236 2219 citatis
257 2113 369 2219 notam
391 2152 530 2234 effugere
552 2172 620 2216 non
642 2164 756 2238 potest.
780 2189 823 2201 —
845 2144 885 2214 aa*
905 2147 1000 2236 χὲρια
1020 2167 1096 2220 sunt
1109 2176 1231 2222 monus

124 2281 163 2341 in
184 2278 335 2342 citeriore
358 2274 550 2337 Graecitate.
594 2275 691 2338 Nom.
715 2277 799 2368 sing.
822 2289 872 2341 est
893 2271 926 2337 ad
948 2270 1034 2360 χέρι,
1058 2279 1231 2347 deminuti·

125 2419 200 2464 vum
223 2374 379 2480 (antiquae
405 2396 578 2460 locutionis
605 2389 684 2478 χείρ.
736 2397 784 2462 Cf.
813 2411 925 2464 notata
952 2401 993 2465 ad
1021 2421 1101 2467 ver„
1125 2399 1155 2466 6,
1184 2436 1227 2449 .-

124 2510 253 2582 dativo
280 2517 433 2607 explico,
457 2515 639 2604 expando,
667 2519 813 2587 extendo
841 2520 872 2585 h.
894 2521 916 2585 1.
939 2524 1144 2590 intransitive
1166 2544 1226 2590 ex-

122 2643 227 2711 tendo
249 2663 301 2707 me
323 2665 394 2709 eum
414 2664 435 2702 ν
456 2642 602 2723 insitivo,
638 2643 677 2706 de
711 2663 772 2725 quo
806 2647 1011 2708 commentati
1043 2667 1153 2709 sumus
1186 2648 1227 2710 ad

122 2790 208 2832 vers.
232 2763 284 2830 74.
326 2765 476 2849 Ejusdem
497 2764 645 2828 videlicet
667 2766 810 2828 notionis
832 2775 883 2826 est
906 2777 1001 2846 atque
1022 2766 1120 2846 illud,
1144 2768 1227 2846 quod

124 2889 213 2977 apud
234 2899 355 2952 veteres
377 2885 505 2970 legitur,
527 2878 640 2949 ἁπλόω.
685 2886 771 2951 Vide
791 2884 1026 2971 Anthologiam
1040 2886 1227 2952 Palatinam

120 3033 155 3102 p.
179 3008 253 3077 677.
274 3011 319 3075 ed.
341 3009 467 3075 Jacobs.

254 3132 297 3198 V.
321 3130 395 3200 122.
451 3125 461 3152 ⁹
510 3126 593 3210 ’νησε
626 3127 747 3218 coepit.
803 3129 877 3193 Vid.
911 3132 1152 3200 adnotationem
1182 3135 1225 3199 ad

119 3277 204 3323 vers.
229 3255 258 3320 1.
286 3291 330 3305 -
358 3245 479 3339 ζαρὸνω
495 3260 567 3340 jam
590 3255 675 3343 apud
702 3254 799 3317 medii
825 3253 897 3317 aevi
923 3254 1097 3338 scriptores
1125 3252 1223 3318 valet:

117 3399 230 3466 rugos
250 3378 349 3457 duco,
370 3400 514 3467 corrego
537 3391 631 3459 atque
653 3378 783 3440 omnino
801 3369 979 3448 contraho,
1001 3363 1146 3453 owdpo,
1167 3391 1226 3433 συ.

117 3498 247 3564 στέλλω.
292 3503 340 3567 ct.
362 3503 511 3587 Ducang.
540 3501 644 3565 Gloss.
671 3520 702 3588 p.
726 3497 800 3563 aaa.
849 3494 985 3559 Natales
1012 3493 1109 3576 hujus
1137 3495 1223 3557 vocis

115 3626 168 3691 sic
190 3627 338 3692 videntur
359 3647 430 3689 sese
452 3625 578 3689 habere.
624 3626 730 3702 Quum
753 3609 854 3699 σαίρω
876 3628 910 3680 et
930 3606 1037 3696 σαρὸω
1060 3618 1095 3680 in
1117 3627 1223 3680 vetere

114 3747 234 3832 lingna
267 3769 465 3813 communem
497 3749 639 3813 habeant
665 3738 821 3810 cernendi
849 3749 883 3805 et
910 3735 1021 3819 scopis
1047 3736 1224 3828 purgandi

116 3871 297 3952 notionem,
319 3891 422 3953 neque
445 3873 575 3936 dubium
602 3871 766 3943 videatur,
795 3864 872 3943 quin
894 3864 1052 3947 posterius
1074 3885 1095 3926 a
1115 3862 1223 3948 priore

116 3993 329 4059 derivandum
350 3995 410 4075 sit,
432 3994 506 4057 fieri
528 4004 642 4080 polest,
665 4002 701 4054 ut
722 3973 829 4061 σαρόω
852 3985 943 4047 illum
965 4005 1086 4067 quoque
1108 3984 1223 4050 habue-

116 4117 165 4182 rit
186 4116 416 4201 significatum,
438 4137 532 4200 quern
555 4115 650 4198 vulgo
672 4109 735 4178 soli
757 4096 857 4185 σαίρω
886 4107 1070 4187 tribuimus,
1093 4114 1225 4188 quaest
1256 4108 1260 4118 '
