2684 4740
1161 235 1249 286 xxm

136 397 441 498 corruptissimus
463 397 522 472 ille
546 396 766 497 Hesychius,
799 397 858 472 hic
890 409 1007 473 autem
1039 404 1243 502 superstitis

135 526 260 631 populi
277 555 398 605 sermo
417 555 524 604 sanus
541 539 649 629 atque
666 529 806 631 integer
822 530 877 604 sit
919 529 1056 618 Verum
1074 536 1241 632 quoniam

132 661 310 762 Hesychii
334 662 549 737 mentionem
573 661 657 754 leci,
683 662 799 737 obiter
824 662 954 751 dicam,
985 660 1072 738 illud
1096 666 1240 765 planum

133 803 247 894 atque
265 794 411 889 evidens
429 821 521 885 esse,
546 795 641 869 hunc
658 792 950 897 lexicographum
967 797 1147 873 emendari
1164 826 1239 875 non

132 952 246 1028 posse
262 926 340 1002 ¹nisi
358 953 377 1001 a
395 926 472 1003 viro
488 927 673 1028 popularis.
685 926 826 1031 liuguae
845 954 992 1029 graecae
1009 930 1237 1029 peritissimo.

131 1059 228 1134 Nam
252 1057 344 1133 male
367 1067 483 1159 usque
508 1059 623 1134 adhuc
649 1060 767 1136 editus
793 1070 850 1135 est
873 1058 1088 1156 Hesychius.
1125 1061 1239 1163 Cujus

133 1190 292 1264 editores
319 1217 410 1289 quae
435 1216 510 1263 nou
532 1190 801 1280 intellexerunt,
827 1217 869 1263 ea
893 1190 1111 1286 conjecturis.
1135 1218 1240 1270 vexa-

134 1331 232 1410 runt,
255 1321 392 1394 incerta
416 1321 485 1393 rati
511 1346 602 1420 quae
628 1321 825 1396 certissimo
850 1328 945 1396 sunt.
994 1318 1050 1396 Cs.
1083 1325 1237 1423 quaein

132 1451 334 1528 Comment.
361 1451 405 1524 ad
429 1450 599 1553 Paraphr.
625 1482 658 1531 v.
683 1455 755 1526 319
781 1452 861 1526 (lixi

228 1583 715 1685 Quantumporrolucislrinc
728 1583 1235 1688 accederequeatsiugularum

128 1743 260 1796 vocum
272 1715 634 1817 originatiouivelillis
643 1717 868 1815 antiquorum
877 1716 1235 1818 auctorumlocis‚qui

117 1846 924 1951 ¹nullalectionisrarietateecodicibusnotata
934 1849 1078 1923 obscuri
1086 1859 1235 1951 etcaptu

130 1980 293 2056 difficiles
319 1978 531 2079 iudicantur,
553 1978 700 2082 longum
724 1990 783 2055 est
808 1978 936 2054 dicere.
992 1979 1135 2061 vocum
1167 1981 1236 2056 ori-

130 2115 243 2215 gines·
259 2112 466 2214 perquirere
490 2111 640 2186 arduum
670 2122 709 2184 et
732 2109 895 2200 difficile,
921 2113 965 2185 iis
998 2122 1117 2186 antem
1147 2113 1236 2189 dilli-

130 2247 301 2322 cillimum
327 2253 393 2331 est,
419 2243 481 2341 qui
504 2242 593 2316 falsa
616 2241 904 2342 pronuntiatione
929 2252 1087 2317 utuntur.
1113 2243 1236 2345 Quare

131 2403 207 2452 non
231 2375 437 2464 mirumne
460 2372 673 2450 Passurium
700 2373 860 2475 quidem,
884 2373 1000 2453 virum
1025 2374 1156 2476 alioqui
1181 2402 1236 2452 sa-

131 2535 255 2614 gacem
273 2516 310 2581 et
329 2506 553 2608 ingeniosum
571 2505 765 2581 multorum
778 2506 967 2587 verborum
988 2507 1235 2612 etymologiam

128 2668 324 2741 veramque
341 2640 514 2714 rationem
533 2640 773 2738 perspexisse.
809 2640 986 2739 Exemplo
1003 2640 1076 2714 sint
1092 2641 1236 2715 nomina

131 2772 229 2860 οἶκος
255 2781 292 2842 et
316 2765 431 2864 οἶμος.
480 2769 524 2840 In
539 2767 810 2841 veterrimorurn
827 2767 1040 2866 populorum
1056 2769 1237 2860 ludorum,

130 2905 324 2982 Persarum
355 2909 463 2999 atque
492 2898 737 2974 Hebraeorum
766 2896 897 3000 linguis
933 2893 1061 2973 donans
1089 2908 1239 2978 vocatur

131 3037 179 3112 iis
201 3032 414 3122 nominibus,
440 3057 531 3132 quae
555 3031 674 3106 locum
692 3031 835 3133 proprie
853 3030 1051 3133 designaut,
1073 3031 1111 3107 iu
1130 3057 1237 3134 quem

132 3169 297 3264 venimus
319 3165 377 3243 vel
401 3164 585 3240 intramus.
641 3162 777 3238 Eadem
803 3173 965 3264 potestas
991 3165 1109 3266 graeci
1132 3191 1236 3242 voca,

131 3301 208 3376 buli
233 3295 329 3387 οἶκος
353 3306 419 3372 est.
470 3297 581 3398 Quod
600 3296 632 3371 si
654 3306 752 3370 recte
771 3297 980 3396 pronuntias
997 3297 1086 3383 icoo,
1109 3322 1234 3397 cogna-

132 3443 211 3510 tum
234 3432 301 3507 tibi
325 3431 469 3508 videtur
492 3455 574 3503 cum
598 3423 676 3530 ἥκω
702 3430 811 3524 (ico)
834 3438 871 3502 et
895 3424 1076 3523 ἱκνέομαι.
1107 3426 1237 3526 Neque

131 3588 263 3663 magno
287 3561 410 3635 labore
434 3586 524 3660 opus
551 3569 608 3634 cst
632 3558 940 3636 adinveniendum
963 3555 1108 3632 alterius
1126 3558 1238 3636 nomi-

133 3697 192 3772 nis
219 3692 478 3796 etymologiam,
502 3691 609 3766 modo
634 3691 852 3767 Graecorum
878 3715 993 3779 more,
1017 3715 1091 3764 non
1117 3716 1239 3791 quem·

134 3827 325 3905 admodum
349 3826 523 3901 Erasmus
548 3824 796 3926 praecipiebat,
821 3822 1079 3923 pronuntietur.
1126 3823 1240 3924 lgitur

135 3957 243 4060 οἶμος
269 3960 403 4057 (imos)
428 3958 492 4030 oio
516 3967 646 4056 sponte
670 3957 747 4031 fluit
772 3957 816 4029 ab
833 3949 925 4053 εἶμι
944 3955 1053 4053 (imi)
1072 3981 1127 4029 co.
1154 3952 1239 4053 Quo

138 4093 227 4194 quid
251 4091 363 4191 magis
390 4100 670 4165 consentaneum
695 4114 777 4162 esse
801 4087 944 4185 potest?
991 4086 1072 4162 Jam
1098 4086 1129 4160 si
1153 4083 1242 4157 auti-

126 4219 419 4326 'quorumlocos
443 4247 563 4321 rerum
593 4221 855 4320 verborumque
887 4218 1104 4321 obscuritate
1132 4215 1243 4320 impe·
