2684 4740
1162 203 1223 255 lux

110 372 210 451 deas.
251 369 417 452 Proinde
444 368 588 471 quando
607 371 772 451 ,breviter
794 372 870 448 fieri
902 383 1057 473 poterat,
1089 373 1225 464 Corais,

109 502 305 594 Rusiadae,
338 502 518 606 Ducangii
550 502 770 606 aliorumque
802 516 915 583 ¹errata
948 506 986 579 in
1017 515 1225 583 transcursu

109 635 273 717 refutavi.
324 634 380 712 Cl.
407 633 525 715 adnot
552 636 598 715 ad
621 665 677 716 vv.
707 640 786 725 lae,
811 639 893 729 940,
922 642 990 713 103
1016 649 1052 712 et
1079 637 1124 713 de
1151 638 1227 715 Du·

111 767 230 870 cangii
254 766 435 845 enoribus
466 767 627 847 Iudicem
652 771 875 870 scriptorum.
926 770 1094 849 Crusinm
1121 781 1158 845 et
1183 770 1227 849 ll.-

109 901 257 1004 genium
280 926 459 1000 nusquam
483 901 673 981 confutavi.
723 900 799 980 Sed
823 913 864 981 ut
888 903 1115 981 ostenderem
1140 929 1226 1003 quo

110 1032 220 1111 modo
245 1033 283 1109 in
306 1043 387 1110 toto
411 1033 678 1113 Commentario
703 1033 894 1111 scribendo
916 1046 1079 1110 versatus
1098 1061 1227 1124 essem,

109 1167 144 1242 si
173 1166 365 1267 pristinum
396 1167 583 1245 consilium
614 1167 721 1266 sequi
743 1165 830 1241 mibi
857 1191 1069 1240 concessum
1088 1165 1225 1247 luisset.

110 1298 295 1399 longiores
321 1297 430 1372 etiarn
455 1297 705 1376 adnotationes
735 1295 834 1373 velut
865 1297 910 1372 ad
941 1325 997 1375 vv.
1030 1300 1111 1386 loa,
1145 1298 1227 1386 263,

112 1430 198 1517 aba,
225 1429 297 1503 468
322 1429 446 1528 adjeci.
496 1430 685 1507 Caeterum
710 1439 903 1530 pertoturn
922 1428 1226 1507 Commentarium

113 1561 360 1639 demonstrare
396 1560 499 1637 nisus
542 1587 638 1653 sum,
678 1561 857 1663 quomodo
894 1564 1133 1639 recentiorum
1173 1562 1225 1637 lo-

114 1692 248 1794 quendi
274 1693 496 1775 consuetudo
522 1693 691 1797 paulatim
723 1704 801 1769 orta
825 1696 881 1771 sit.
938 1693 1077 1771 Idcirco
1103 1706 1140 1770 et
1165 1722 1225 1771 an·

114 1827 208 1933 tiqui
246 1835 284 1905 et
319 1824 430 1905 medii
465 1826 543 1903 aevi
578 1835 744 1903 auctores
761 1820 764 1824 ’
783 1824 938 1902 laudavi·
991 1825 1074 1926 Qua
1114 1828 1150 1900 in
1186 1854 1225 1903 re

114 1986 188 2039 uon
213 1969 285 2065 tarn
310 1958 445 2059 id'agi,
471 1969 512 2034 ut
537 1958 753 2063 singularum
780 1956 922 2034 dicendi
945 1957 1135 2034 lormarurn
1167 1986 1226 2035 au·

114 2090 353 2191 tiquissimos,
400 2089 465 2165 sed
504 2091 723 2167 certissimos
761 2101 926 2162 auctores
965 2091 1119 2162 citarem.
1168 2090 1226 2163 Fit

115 2223 210 2296 eninr
235 2246 490 2320 nonnunquam
516 2229 674 2319 atquae
698 2217 802 2293 nobis
828 2215 1024 2319 probabilia
1049 2218 1225 2306 videntur,

115 2353 162 2425 da
196 2349 240 2425 iis
278 2349 335 2424 alii
370 2348 472 2426 valde
509 2344 689 2439 dubitent,
721 2349 791 2456 nisi
821 2359 981 2425 nostram
1014 2350 1224 2425 sententiam

115 2482 240 2556 mullis
270 2482 489 2584 argumentis
523 2493 700 2594 tueamur..
749 2481 943 2584 Quodne
979 2482 1095 2572 nobis,
1121 2482 1225 2556 unica

113 2614 299 2690 brevitatis
325 2614 508 2704 studiosis,
534 2614 732 2690 laciendum
761 2625 869 2701 esset,
895 2594 1226 2713 antlipuiorumjan·

114 2759 256 2822 ctorurn
278 2745 360 2818 loco
385 2747 604 2842 posteriores
625 2743 840 2841 quandoque
855 2732 1085 2826 laudavimus.
1112 2741 1227 2815 Porro
1279 2751 1288 2763 “

116 2875 287 2978 quoniam
313 2875 460 2952 evidens
487 2884 552 2964 est,
580 2899 641 2948 eos
669 2873 731 2974 qui
755 2897 882 2946 novam
903 2870 1226 2980 aliquanstinguan

113 3007 306 3086 addiscunt
338 3007 480 3109 saepius
513 3006 640 3082 iisdem
673 3005 719 3080 de
750 3006 856 3080 rebus
896 2984 1093 3082 monendos
1134 3032 1226 3098 essa,

114 3143 200 3244 quia
224 3139 309 3216 licet
334 3139 572 3216 sollertissimi
596 3139 727 3242 ingenii
761 3148 798 3213 et
822 3140 1069 3213 tenacissimae
1095 3166 1227 3215 memo·

112 3276 189 3352 riae
221 3274 309 3364 sint,
340 3283 459 3348 tamen
489 3298 563 3348 non
595 3271 712 3347 omnia
742 3270 854 3346 semel
885 3268 1002 3353 audita
1039 3271 1097 3348 vel
1135 3271 1227 3346 lecta

114 3411 169 3484 sic
194 3405 406 3507 percipiunt,
432 3416 569 3481 utnon
594 3402 864 3481 obliviscantur:
885 3402 1077 3476 amicorum
1101 3413 1228 3505 rogatu

115 3538 335 3615 commoveri
360 3564 417 3612 me
443 3563 572 3639 passus
599 3563 694 3627 sum,
724 3547 765 3611 ut
790 3533 835 3609 ad
866 3534 1005 3636 priores
1038 3529 1226 3611 Commen·
1266 3597 1275 3611 .

113 3673 197 3748 tarii
223 3669 471 3746 adnotationes
497 3670 811 3770 insequentibus,
842 3668 1012 3756 lectores,
1044 3667 1105 3743 ubi
1136 3694 1227 3769 opus

113 3803 307 3893 rideretur,
332 3803 524 3901 rejicerem.
575 3800 655 3876 Jam
692 3811 732 3875 ut
769 3801 892 3900 iniqua
923 3799 1144 3899 quorundam
1176 3804 1229 3899 ju·

115 3936 211 4012 dicia
236 3960 309 4010 non
334 3945 464 4026 metuo,
491 3936 539 4008 ita
564 3959 772 4035 persuasum
798 3932 923 4021 habeo,
949 3933 1083 4034 peritos
1110 3943 1148 4008 et
1172 3960 1229 4007 ae·

117 4094 213 4172 quos
245 4068 382 4168 judices
414 4068 450 4141 in
482 4065 551 4141 boc
589 4065 855 4142 Commentario
892 4076 1099 4167 reperturos
1136 4090 1228 4153 esse,

118 4227 213 4304 quae
240 4210 283 4277 et·
301 4226 394 4278 nova
421 4199 574 4289 sint‚·et
599 4198 750 4274 certiora
776 4221 816 4270 ac
843 4197 979 4275 veriora
1007 4223 1112 4297 quam
1139 4221 1230 4296 quae
