2684 4740
1109 227 1145 276 x1

37 419 120 470 eum
138 390 354 468 admixtione
372 398 538 493 corrupta
554 399 619 467 est
662 389 786 492 Quid?
805 362 907 494 quod
920 393 988 496 ipsi
1015 395 1144 474 Graeci

39 526 198 600 barbaris
223 525 377 623 subjecti
401 549 474 597 non
506 523 656 625 amplius
686 534 787 599 tanto
819 526 991 617 orationis
1021 527 1145 628 lepore

39 686 81 732 ac
105 658 301 733 festivitate
326 655 558 757 praestabiles
582 655 736 730 fuerunt
779 657 860 732 Nec
881 658 1021 732 mirum.
1061 657 1145 732 Ele-

38 790 158 890 gantia
184 799 222 864 et
245 789 426 864 urbanitas
453 787 628 863 sermonis
653 787 776 863 inillis
794 789 1042 863 tautummodo
1060 815 1145 892 gen-

37 923 133 996 tibus
160 903 401 1022 reperiuntur,
428 946 518 1020 quae
542 919 709 1021 politiore
737 919 956 995 humanitate
987 921 1145 1021 praecel-

38 1053 155 1128 lentes
188 1063 225 1127 et
241 1041 389 1127 'liberali
419 1051 581 1126 doctrina
612 1060 758 1125 ornatae
787 1053 938 1162 maxima
968 1051 1143 1127 libertatis

39 1185 210 1258 felicitate
235 1183 418 1258 lruuuturss
459 1183 596 1255 Contra
630 1207 865 1280 quaecuuque
897 1180 935 1254 iu
966 1182 1145 1282 peregrini

39 1314 190 1415 alicujus
215 1314 349 1387 domiui
375 1311 509 1385 ditione
535 1319 629 1400 sunt,
656 1311 796 1386 etiamsi
820 1313 992 1386 bonarum
1012 1306 1145 1387 artium

31 1472 160 1522 curam
186 1454 362 1544 perpetuo
388 1452 522 1543 gerant,
547 1452 667 1516 tamen
692 1443 766 1542 jugi
791 1442 901 1534 illius,
928 1445 1025 1543 quod
1056 1447 1147 1545 pati-

38 1586 158 1666 untur,
184 1602 365 1676 uunquam
390 1601 464 1648 non
488 1599 665 1649 memores
703 1575 887 1652 servitutis
918 1603 960 1650 ac
989 1569 1147 1653 miseria-

31 1735 120 1783 rum
143 1709 294 1808 vestigia
312 1707 453 1807 linguae
474 1707 580 1779 etiam
600 1730 686 1778 suae
706 1705 824 1780 solent
840 1698 1054 1806 imprimere.
1080 1708 1147 1784 Ae

39 1850 161 1914 tamen
177 1839 274 1913 'haec
298 1862 371 1910 non
397 1845 555 1936 repente,
588 1835 654 1910 sed
680 1834 849 1936 paulatim
880 1863 924 1910 ex
957 1850 1074 1914 comta
1109 1851 1147 1915 et

40 1970 174 2045 urbana
204 1967 347 2043 horrida
378 1968 420 2040 fit
450 1976 487 2068 et
518 1968 661 2042 rustica.
717 1965 803 2066 Quo
835 1968 947 2070 magis
980 1971 1147 2047 videlicet
1222 1942 1223 1947 ἵ

40 2101 213 2202 temporis
239 2125 435 2204 progressu
459 2098 670 2198 opprimitur
693 2099 846 2196 populus
872 2127 915 2173 ae
937 2104 1059 2200 jugum
1077 2104 1148 2204 pri-

36 2260 100 2328 ,mo
126 2231 349 2307 intolerabile
372 2228 526 2302 tolerare
551 2229 710 2318 docetur,
733 2255 779 2302 eo
806 2230 917 2331 magis
935 2233 1012 2330 ejus
1028 2232 1149 2334 lingua

32 2375 82 2438 et
106 2362 245 2462 ipsein
269 2364 428 2463 pejorem
453 2370 589 2462 partem
614 2361 1002 2440 necessariorertitur.
1033 2365 1149 2466 lgitur

40 2494 192 2572 Graecis
229 2494 268 2568 iu
301 2493 542 2569 Macedonum
578 2504 796 2596 potestatem
830 2495 988 2571 redactis
1024 2496 1149 2572 sunda-

34 2638 160 2703 :meuta
185 2629 280 2727 jacta¹
302 2637 388 2703 suut
411 2625 552 2726 liuguae
576 2626 615 2698 in
639 2627 796 2702 deterius
822 2627 1020 2701 mutandae.
1055 2627 1148 2704 Orta

36 2771 102 2835 :est
126 2760 165 2832 id
187 2757 361 2854 temporis
388 2781 429 2826 ea
455 2754 630 2827 sermonis
655 2754 785 2842 forma,
810 2780 903 2852 quae
930 2755 1012 2853 quia
1038 2760 1150 2830 omni-

40 2890 111 2964 bus
138 2883 510 2985 Graecis4coinmunis
536 2909 617 2959 esse
643 2885 771 2984 coepit,
806 2883 925 2986 lingua
950 2888 1149 2964 communis

42 3021 89 3120 (ἡ
115 3017 222 3119 κοινὴ
248 3016 460 3111 διάλεκτος)
485 3015 638 3092 vocitata
664 3025 738 3111 test,
772 3004 864 3116 quae
888 3019 1017 3095 atticae
1043 3020 1149 3096 diale-

41 3152 93 3229 cti
123 3151 280 3252 speciem
309 3149 543 3248 habitumque
572 3148 751 3223 referebat
779 3159 889 3248 atque
919 3151 958 3225 in
989 3151 1060 3226 hoc
1091 3179 1150 3228 so·
1227 3134 1232 3144 .

41 3284 77 3359 lo
110 3284 167 3361 ab,
186 3309 229 3356 ea
259 3281 500 3382 discrepabat,
532 3279 801 3380 quod-sublato
828 3280 993 3358 dictionis
1019 3284 1149 3358 atticae
1292 3338 1295 3345 .

42 3425 174 3492 ornatu
210 3414 346 3514 reliqua
364 3413 520 3502 somnia,
549 3439 641 3512 quae
673 3413 823 3488 caeteris
854 3411 1003 3487 Graecis
1035 3441 1150 3515 aeque

41 3546 302 3650 probabantur,
322 3545 538 3621 continebat.
590 3540 635 3618 St
649 3543 718 3643 =qui
738 3570 829 3645 ergo·
841 3545 1054 3647 posthacad
1070 3575 1151 3627 ,ma-
1214 3522 1215 3526 Ἴ

42 3682 165 3778 jorum.
180 3674 326 3778 gloriam
351 3674 564 3776 dicendique
581 3685 807 3779 venustatem
824 3676 1148 3779 sublimitatemque

43 3810 290 3914 se3erigentes
316 3807 541 3908 eloquentiae
566 3810 687 3885 studio
713 3810 895 3901 ardebant,
916 3837 1036 3910 neque
1051 3820 1151 3893 vett-

45 3941 145 4018 ribus
171 3940 304 4015 Atticis
331 3939 518 4045 inferiores
542 3939 773 4030 videbantur,
802 3940 891 4018 haec
916 3942 1065 4043 singulis
1091 3941 1152 4021 de-

43 4074 198 4147 bebatur
217 4071 457 4172 ,scriptoribus
482 4070 571 4160 laus,
595 4097 682 4147 non.
693 4073 792 4174 genti
817 4083 926 4173 atque
949 4074 1153 4153 aetatiuni·

44 4229 183 4284 versae.
232 4202 479 4282 Veruntamen
495 4201 610 4278 insita
633 4202 692 4279 illa
711 4204 859 4304 ingenii
877 4205 950 4295 vis,
973 4203 1154 4307 illaiuge-
