2684 4740
128 194 174 271 lt

124 391 218 483 ruodo
248 392 436 475 conjunctus
465 388 629 470 utriusque
656 404 754 451 sonus
783 385 992 473 proferendus
1019 391 1079 488 sit,
1112 409 1174 473 quo
1196 393 1227 455 in

125 513 244 600 gallica
270 513 382 595 lingue
410 511 516 576 exitus
545 510 631 574 vocis
662 505 890 574 contribution.
944 512 1040 613 Quod
1069 531 1169 595 quum
1196 516 1226 577 in

125 655 240 722 graeca
257 635 369 719 lingue
386 635 503 713 evenit,
521 629 596 692 idac
612 643 816 714 caeteraeque
831 633 957 698 vocales
975 647 1006 697 et
1023 632 1225 721 diphthongi,

125 778 257 842 querum
279 777 338 843 par
361 768 410 821 est
431 757 590 844 prolatio,
613 756 756 821 nativum
783 776 898 821 sonum
926 758 1088 838 retinent,
1120 769 1226 823 contra

124 893 194 950 eet
216 903 249 946 αι
272 900 310 945 ea
332 890 457 945 tantum
479 880 551 964 lege
574 896 644 944 cnm
667 881 813 962 sequenti
834 879 940 944 vocali
963 880 1168 961 coalescunt,
1195 893 1225 945 ut

122 1006 158 1071 in
180 1022 294 1069 sonum
316 1000 371 1060 ros>
392 997 468 1061 ι’ὤια
492 1014 668 1070 transeant
715 1001 879 1068 Accentus
894 1015 1012 1084 autem,
1035 1005 1065 1068 si
1082 1015 1161 1068 ente
1180 1023 1224 1085 sy·

122 1126 247 1204 nizesin
270 1127 306 1190 in
328 1123 506 1211 penultima
529 1125 654 1207 syllaba
677 1125 754 1205 init,
777 1122 839 1189 hac
861 1127 1002 1208 synizesi
1025 1128 1061 1189 in
1083 1125 1223 1189 ultimam

122 1251 302 1335 conjicitur.
337 1247 585 1333 Hineapperet,¹
607 1267 664 1311 eur
686 1267 745 1334 pro
767 1240 890 1326 βιβλίον
912 1249 976 1314 dici
999 1259 1097 1331 queat
1119 1235 1222 1326 βιβλιὸ,

124 1374 159 1436 id
181 1371 264 1453 quod
287 1369 558 1457 nostrapraetatis
582 1370 778 1435 Graecorum
805 1390 894 1434 more
921 1367 962 1447 ιῷ
983 1361 1065 1447 doio
1087 1332 1221 1452 (sditi-

122 1497 171 1558 lra
205 1493 368 1576 adscripto
399 1492 542 1555 indicare
569 1491 718 1558 solemus.
764 1489 926 1557 Similiter
963 1493 1081 1556 Graeci
1108 1493 1222 1556 dicunt

121 1633 350 1706 nonnunquam
372 1601 432 1693 μιὰ
452 1632 510 1699 pro
532 1605 609 1692 μία,
629 1606 688 1672 Ρω
688 1635 775 1694 μειος
797 1635 857 1700 pro
875 1607 935 1675 Ρω
935 1614 1047 1694 proice,
1076 1605 1221 1694 λειαιαάρι

120 1758 180 1823 pro
202 1724 354 1816 iecordps,
378 1736 393 1816 (
399 1738 437 1800 cl
461 1736 536 1799 adn
558 1737 601 1799 ad
622 1735 774 1821 paraphr
797 1757 879 1800 vers.
904 1734 1003 1812 403.)
1031 1699 1149 1806 δίκαιος
1168 1757 1220 1824 pro

120 1851 259 1939 δίκαιος,
287 1869 321 1921 et
350 1859 417 1923 elia
445 1877 526 1940 quae
552 1857 700 1943 plurimis
723 1859 863 1921 Zeniani
886 1859 1040 1921 carminis
1070 1859 1220 1946 exemplis

121 1981 334 2066 illustrantru·
366 1978 425 2044 Sic
442 2000 564 2062 quoque
586 1981 670 2066 apud
685 1980 870 2067 Euripidem
887 1980 1004 2046 Electr.
1022 2001 1135 2045 versus
1153 1978 1219 2046 499.

120 2091 256 2164 παλαιόν
277 2125 308 2162 ce
331 2092 541 2183 θησαύρισμα
563 2093 719 2162 Διονύσου
739 2093 819 2184 udde,
843 2072 897 2185 qui
914 2104 1107 2189 interpretes
1120 2101 1228 2167 admo·¹

120 2228 194 2291 dum
216 2229 353 2308 vexavit,
376 2228 423 2290 ita
445 2228 510 2290 lere
525 2218 726 2289 scandendus
749 2237 808 2306 est,
831 2236 866 2290 ut
887 2228 994 2312 prima
1008 2248 1073 2290 vox
1087 2246 1218 2314 pronun-

120 2352 222 2414 cietur
243 2339 363 2409 παὶιιὸν.
408 2349 461 2412 Ad
495 2347 630 2410 eandem
662 2368 810 2412 normam
843 2349 1002 2432 exigenda
1038 2361 1116 2413 sunt
1145 2370 1219 2431 quaa

118 2485 271 2554 tanquam
294 2434 442 2534 difficilia
465 2482 560 2551 atque
581 2489 602 2532 a
623 2448 808 2552 vulgdribus
832 2471 953 2555 regulis
974 2473 1160 2537 recedentia
1178 2472 1218 2536 al·

118 2595 186 2660 lata
213 2594 357 2658 videmus
385 2595 425 2658 ab
453 2591 641 2660 Hermanno
668 2593 780 2656 Elem·
800 2592 914 2658 Doctr·
944 2594 1042 2657 Metr.
1072 2617 1148 2680 pag.
1172 2593 1217 2660 59.
1255 2587 1257 2595 ’

118 2711 203 2800 seqq.
250 2716 433 2783 Rarissime
462 2728 570 2784 autem
599 2729 750 2782 accentus
778 2720 815 2781 in
836 2719 1010 2801 syllabam,
1034 2737 1117 2798 quae
1138 2719 1219 2800 syni.

118 2845 213 2909 resin
233 2844 413 2929 praecedit,
443 2862 464 2902 a
495 2842 629 2904 Graecis
652 2843 841 2924 conjicitur,
865 2840 983 2905 velut
972 2861 1008 2903 ιιι
1030 2836 1176 2905 verbis'
1161 2830 1219 2902 εκό·

118 2983 220 3025 πιασα
241 2981 301 3044 Pl'o
325 2955 492 3032 εκθπίαϋα,
516 2948 651 3070 ameum
672 2975 732 3039 Pl‘o
756 2953 901 3035 δνῠίωσα,
923 2955 1155 3044 σωῒυέφὶασμα
1168 2983 1219 3051 pro

118 3046 353 3159 αυυνεφίασμιι,
374 3066 551 3154 denomines
571 3095 630 3160 pro
652 3067 845 3154 ξεκοιλιασε,
871 3082 955 3160 quod
977 3082 1101 3164 legitur
1127 3089 1220 3152 Para·

118 3204 228 3292 ploras
253 3223 281 3268 v.
306 3201 383 3268 369.

140 3376 144 3383 .
240 3320 302 3403 ,νὲο
322 3346 382 3414 pro
398 3317 486 3400 νέαν,
512 3334 550 3388 ut
569 3344 610 3388 ex
632 3324 746 3409 regula
767 3325 860 3389 modo
883 3323 1045 3409 explicata
1075 3331 1222 3398 efficinu.

137 3478 160 3501 ·=
204 3482 222 3505 ·.
252 3451 292 3514 lu
319 3449 423 3513 verbis
446 3437 489 3507 voi
510 3445 575 3528 μοῦ
602 3437 759 3529 πουλήσῃς
780 3460 830 3510 ert
843 3448 1086 3510 :consuetudine
1115 3471 1222 3520 recen·

121 3577 241 3652 tiorum
268 3573 387 3637 Dativo
420 3572 599 3634 carentium
625 3567 690 3650 μοῦ
717 3591 776 3657 pro
806 3559 860 3651 μοὶ
891 3580 1073 3656 usurpatur.
1126 3575 1222 3641 Nam.

119 3695 266 3780 que-bic
295 3716 391 3758 casus
420 3713 520 3775 aeque
548 3705 643 3775 atque
668 3692 883 3758 -Aecir'sativus
915 3694 950 3756 in
980 3692 1092 3755 Dativi
1121 3694 1222 3760 locum

119 3817 331 3895 substituitur.
386 3816 616 3881 Accusativum
649 3826 772 3896 autom,
795 3814 849 3879 ubi
876 3813 937 3879 hoc
959 3836 1058 3878 sensu
1082 3821 1221 3901 ponitur,

118 3940 308 4029 praecedere
331 3938 429 4000 etiam
450 3950 557 4024 potest
579 3939 776 4024 praepositio
800 3934 873 4007 εἶα·

106 4147 109 4153 .
167 4130 173 4143 .
200 4061 206 4117 ζ
251 4049 407 4140 πουλήσῃς
429 4082 488 4146 pro
510 4050 663 4141 πωλήσῃς.
701 4059 842 4124 Citerior
859 4061 1018 4144 graecitas
1035 4061 1070 4123 in
1086 4062 1221 4146 permul-

119 4191 162 4252 tis
177 4185 302 4250 seilicet
316 4181 476 4246 vocabulis
492 4181 670 4248 onerant
694 4185 729 4247 in
741 4201 948 4263 .ov,-quorum
973 4184 1008 4244 in
1025 4202 1160 4248 numero
1178 4195 1222 4250 est
