2684 4740
116 428 215 495 Vado
238 430 433 494 instratum
455 429 537 512 ojus,
559 425 629 507 illo,
652 429 706 493 ubi
728 429 832 509 cubat,

117 561 250 626 mordeo
272 561 378 648 ipsum
400 561 437 622 in
461 559 574 642 digito,
597 577 658 622 neo
678 561 914 626 animadvertit

118 691 257 756 Mordeo
279 702 313 755 et
335 690 454 755 calcem
476 693 557 774 ejus,
579 709 779 775 nequaquam
800 693 834 756 id
856 702 957 772 curat,

119 823 175 886 sed
198 822 318 887 dormit
338 824 489 903 suaviter,
512 822 560 887 ita
581 833 618 886 ut
639 834 764 887 stertet

120 955 336 1037 Quaecunque
358 955 565 1019 inveniuntur
587 955 625 1019 ia
645 965 746 1036 terra,
766 973 965 1039 nequaquam
986 976 1026 1022 oa
1049 979 1135 1040 curo,

119 1085 215 1149 lelem
236 1084 406 1167 (tantum)
423 1097 457 1148 ct
477 1086 665 1173 accipitrem
687 1106 786 1173 supra
807 1086 937 1151 modum
958 1097 1077 1165 tremo;

119 1226 153 1279 et
176 1215 257 1278 illud
278 1216 429 1298 (notum)
453 1213 636 1300 decipulum
657 1217 766 1278 cuncti
787 1235 850 1280 non
871 1215 1005 1280 odimua

120 1344 211 1414 Dolo
234 1344 290 1409 dat
311 1356 465 1424 mortem;
487 1343 561 1408 ideo
582 1343 663 1410 lllud
684 1343 811 1412 horreo.

119 1474 229 1542 Felem
251 1476 430 1558 ubicunque
452 1473 555 1556 video,
578 1487 611 1541 et
633 1477 741 1542 ubiubi
762 1478 994 1563 animadverto,

119 1627 198 1694 prae
220 1618 308 1672 metu
329 1627 402 1671 meo
423 1608 515 1687 abeo,
538 1593 605 1672 lero
625 1619 663 1674 ut
685 1611 860 1675 exanimor.

121 1737 275 1826 (Itaque)
299 1736 363 1802 huc
384 1748 418 1800 et
438 1737 517 1802 illuc
531 1749 688 1825 respecto,
711 1759 849 1821 quonam
864 1741 957 1804 modo
972 1736 1045 1810 cam
1061 1746 1224 1832 effugiam,

120 1880 153 1933 et
168 1870 331 1934 inveniam
348 1870 493 1932 loramon
507 1866 622 1934 illicio
637 1870 829 1957 propinquo,
840 1882 876 1936 ut
886 1893 924 1936 eo
936 1894 1115 1962 properem,
1125 1842 1165 1942 ’et
1175 1899 1225 1944 mo

120 2000 171 2064 Ne
186 2021 249 2083 qua
263 1997 515 2086 comprehendat
527 2019 590 2081 mc,
606 2001 748 2082 invadat,
763 2013 797 2066 ot
811 2023 862 2067 me
876 2004 1020 2088 suffocet,
1055 2009 1225 2092 [condam

119 2142 153 2195 et
175 2134 210 2198 in
232 2130 294 2195 hoo
315 2129 451 2218 pulchro
474 2150 608 2220 corporo
629 2150 756 2214 ungues
776 2151 853 2196 suoo
874 2132 1003 2217 deligat

120 2263 211 2326 Haec
226 2261 299 2325 tria
321 2222 528 2324 inveniuntur
549 2261 586 2323 in
608 2259 708 2347 plano
730 2272 763 2324 et
784 2262 820 2326 in
842 2263 1003 2329 montibus

120 2390 204 2457 mibi
223 2403 255 2456 et
275 2391 388 2477 generi
409 2410 482 2455 meo
503 2391 629 2458 inimici
651 2391 816 2483 capitalem

104 2509 188 2591 xSed
209 2536 245 2594 tu
267 2525 420 2591 formidas
441 2523 602 2604 universo,
625 2534 694 2587 tum
714 2545 825 2612 parva,
847 2538 917 2592 tum
938 2548 1069 2614 magona,

119 2656 262 2744 reptilia,
284 2655 440 2730 volucria,
460 2652 608 2719 homines
630 2665 665 2717 ot
686 2666 830 2735 eaetero3

118 2799 216 2868 atque
237 2797 275 2848 ut
297 2785 376 2852 dicit
396 2784 610 2869 proverbium,
633 2783 779 2846 umbram
801 2792 890 2847 tuam
912 2786 1038 2850 motuis.

120 2917 205 2986 Sola
226 2937 289 2985 vox
312 2926 367 2981 tua
389 2933 507 3006 aspera
529 2923 561 2977 te
582 2914 707 2980 indicat
728 2913 844 2997 (oreo)
865 2914 996 2998 aliquid.

118 3051 190 3134 Ego
212 3069 280 3114 non
301 3067 413 3113 vescor
434 3044 583 3128 oleribus,
606 3045 708 3135 (aut)
729 3045 925 3134 palustribus
946 3047 1067 3135 herbis,

118 3201 180 3246 neo
201 3182 355 3261 brassica,
377 3200 438 3243 neo
459 3179 628 3265 apio,'neo
649 3200 758 3265 porro,
779 3191 837 3244 aut
859 3178 1024 3265 raphanis.

119 3314 180 3378 llis
205 3313 351 3386 omnibus
372 3310 540 3376 vescimini
559 3331 628 3389 vos,
651 3321 684 3375 et
705 3311 747 3375 iis
770 3311 988 3392 delectamini,

120 3445 298 3527 quicunque
319 3444 357 3507 in
377 3441 494 3529 palude
515 3443 667 3520 manetis,
688 3454 723 3509 et
742 3442 825 3508 inibi
847 3440 1013 3505 habitatio

121 3575 204 3638 Tum
226 3571 471 3655 Phyoignathus
494 3573 662 3637 subridens
683 3571 819 3660 pulchro
841 3573 943 3660 ipsium
965 3573 1059 3635 modo

119 3696 375 3791 Psicharpagcm
396 3704 533 3789 aspexit,
555 3706 728 3786 dicensque
750 3704 836 3785 (lta)
856 3705 1036 3790 rospondit:

118 3832 258 3900 Multum
279 3834 441 3918 gloriaris,
463 3834 566 3899 amice
588 3837 645 3915 mi,
667 3846 703 3899 tu
724 3836 763 3898 de
786 3835 875 3918 gula,
975 3876 978 3881 ·

118 3965 264 4036 dulcibus
286 3963 452 4051 (scilicet)
474 3966 567 4051 rebus
590 3975 622 4028 to
643 3964 767 4052 replere
789 3975 934 4028 ventrem
955 3961 1091 4045 (tuum).

117 4098 227 4185 Etiam
243 4096 326 4183 apud
341 4115 403 4159 nos
423 4096 633 4161 inveniuntur
656 4097 789 4176 ciboria,
811 4096 853 4159 ad
868 4096 966 4160 vitam
982 4095 1125 4160 nostram
1141 4092 1224 4168 (sus-

117 4238 152 4291 et
168 4228 205 4290 in
219 4228 311 4317 aquis
325 4238 359 4295 ot
372 4229 408 4290 in
423 4241 512 4295 terra
527 4229 670 4300 nascitur
686 4229 789 4317 victus
805 4239 924 4292 noster.
941 4261 944 4267 -
988 4212 1224 4308 [tentandam);
