2684 4740
1193 166 1258 239 151

145 350 306 438 'usurpari
333 348 499 430 dixerunt,
526 349 640 414 codem
667 370 779 416 errore
807 351 880 417 duci
907 355 1070 436 videntur,
1098 377 1178 439 quo,
1201 365 1255 442 qui

152 474 240 561 apud
260 472 399 537 Latinos
411 470 476 561 sui
497 485 531 537 et
551 470 673 537 exstiti
695 473 781 539 haud
803 496 921 561 magno
942 478 1128 543 discrimine
1150 486 1253 563 sejun-

100 628 109 633 ·
153 608 207 661 cta
228 618 301 660 esso
321 598 388 661 rati
407 607 491 661 suut
536 596 585 660 Ea
605 598 730 663 scilicet
750 600 916 681 utriusque
944 602 1033 665 verbi
1054 613 1172 668 natura
1194 615 1252 684 est,

149 738 213 801 qua
223 720 261 786 si
278 721 332 801 qui
350 730 504 798 oratores,
527 732 564 783 ut
576 719 637 784 hoc
651 734 724 786 utor
738 721 896 808 exemplo,
918 734 1024 787 aetate
1039 726 1176 806 quadum
1188 724 1253 815 su-

148 838 217 905 isse
227 841 451 929 perhibentur,
465 843 499 903 in
513 844 554 907 iis
566 856 692 930 tempus
706 864 767 925 quo
779 846 950 924 vixerunt,
963 846 1069 909 solum
1080 860 1250 933 spectetur,

98 990 122 1035 ·,
145 967 176 1029 si
199 967 254 1047 qui
276 962 450 1028 exstitisse
471 966 632 1046 dicuntur,
655 968 691 1029 in
713 969 754 1029 iis
777 986 845 1029 non
866 966 970 1029 solum
993 944 1062 1051 ejus
1084 974 1249 1057 temporis,

145 1108 209 1171 quo
232 1090 371 1167 suerunt,
393 1088 580 1167 sedetiam,
603 1109 664 1168 quo
687 1109 753 1150 non
777 1090 922 1168 fuerunt,
945 1101 979 1151 ot
1006 1110 1067 1171 quo
1094 1093 1250 1176 paulatim

144 1221 180 1272 et
204 1213 295 1290 quasi
316 1230 373 1294 per
396 1210 514 1290 gradus
537 1210 691 1289 quosdam
713 1212 755 1273 ad
777 1214 952 1275 oratoriam
975 1211 1158 1275 facultatem
1179 1236 1249 1301 per-

144 1343 315 1410 venerunt,
337 1332 421 1393 ratio
443 1331 586 1393 ducatur.
630 1330 746 1395 Fusius
768 1330 849 1395 haec
871 1334 1016 1418 exposui,
1039 1347 1075 1397 ut
1097 1336 1249 1415 quidDa-

142 1455 228 1517 vidis
252 1455 361 1537 opinio
385 1464 417 1515 et
440 1454 507 1516 veri
530 1464 563 1516 et
591 1450 665 1518 falsi
695 1452 876 1536 (inmineat,
910 1456 1178 1538 demonstrarem,
1207 1479 1248 1523 ne

141 1578 215 1657 quis
244 1576 327 1637 sorte
355 1577 424 1658 ejus
452 1576 642 1639 auctoritate
671 1576 821 1639 inductus
851 1587 997 1664 tempora
1027 1578 1123 1643 hodie
1152 1581 1248 1665 longe

140 1696 248 1775 aliter,
272 1716 367 1778 quam
389 1697 474 1781 apud
495 1708 629 1777 ueteres,
662 1700 812 1783 usurpari
835 1701 1036 1765 existimaret
1068 1723 1107 1765 ac
1135 1716 1247 1767 nostro

140 1821 344 1906 potissimum
367 1818 437 1881 loco
460 1819 679 1904 imperfectum
702 1820 888 1902 significatu
904 1806 944 1883 ai»
965 1824 1086 1885 aoristo
1103 1812 1174 1886 nou
1189 1826 1247 1888 dis-

140 1944 226 2007 iorre
249 1943 445 2028 opinaretur.
490 1941 606 2004 Finem
627 1939 703 2004 huic
732 1941 771 2004 de
794 1953 972 2026 temporum
1001 1948 1247 2028 praeteritorum

101 2086 105 2093 ·
139 2086 202 2129 usu
224 2066 437 2151 disputationi
459 2065 624 2151 imponere
646 2084 784 2148 possem,
804 2065 881 2127 -nisi
903 2084 955 2127 res
976 2066 1140 2149 postulare
1162 2070 1246 2133 vide·

126 2199 247 2269 retur,
274 2200 311 2251 ut
338 2190 378 2251 de
406 2188 707 2273 plusquamperieoti
729 2198 762 2250 et
783 2187 883 2249 futuri
904 2189 1058 2273 temporis
1081 2189 1246 2252 circumlo-

138 2312 321 2377 cutionibus
344 2310 498 2390 quaedam
521 2310 718 2373 dissererem.

271 2433 578 2517 Plusquamperiecti
601 2452 667 2495 una
688 2443 814 2495 tantum
835 2430 1036 2519 periphrasis
1050 2416 1169 2497 usitata
1183 2447 1243 2515 est,

136 2558 315 2643 composita
338 2557 522 2641 imperfecto
546 2558 633 2619 verbi
657 2543 722 2627 ’ἔχω
745 2567 856 2635 etque,
878 2568 914 2618 ut
936 2557 975 2620 de
997 2558 1124 2643 passivo
1152 2559 1242 2642 prius

108 2714 111 2719 ·
135 2681 267 2761 loquar,
296 2678 558 2760 quemadmodum
590 2673 712 2738 Coraes
736 2679 902 2754 censebat,
925 2660 1034 2739 dorico
1057 2680 1171 2742 coristi
1194 2682 1241 2741 in-

133 2804 272 2867 finitivo.
324 2804 389 2878 Qui
418 2821 513 2883 quum
542 2802 577 2862 iu
605 2800 736 2885 passivo
763 2788 852 2860 verbi
880 2785 996 2878 γράφω
1024 2800 1109 2883 apud
1137 2799 1242 2863 Dores

136 2926 236 2989 inerit
256 2922 408 3005 γραφβῆυ
427 2944 487 3010 pro
505 2925 603 2986 attico
619 2916 818 3003 ypupssripoaae,
835 2922 976 2983 recentis
992 2922 1108 2984 aetatis
1124 2921 1242 2985 Graeci

132 3044 224 3113 nihil
246 3047 277 3111 ei
290 3026 448 3113 ¹omittere
470 3048 668 3124 videbantur,
693 3045 759 3108 nisi
775 3066 795 3103 u
809 3043 918 3124 finale,
942 3030 1017 3117 εἷχα
1037 3042 1173 3126 pompari
1195 3046 1241 3109 di.

132 3182 244 3235 centes
265 3186 326 3256 pro
349 3157 561 3252 ἐ-γεγράμμην.
616 3168 706 3231 Haec
734 3167 862 3253 opinio,
887 3186 991 3247 quam,
1014 3188 1056 3229 ne
1079 3169 1239 3252 copiosius

132 3296 241 3377 dicere
265 3282 394 3354 coaetus
415 3314 528 3372 essem,
551 3310 649 3376 supra
672 3290 707 3351 in
730 3290 802 3351 adn.
824 3288 865 3351 ad
887 3308 914 3352 v.
941 3286 1003 3351 117
1027 3288 1186 3373 adoptavi,
1209 3290 1240 3352 si

104 3378 111 3391 ·
130 3438 153 3483 a
167 3418 276 3503 specie
294 3416 372 3494 veri,
396 3434 490 3496 quam
506 3416 646 3500 praebet,
661 3412 857 3490 discesseris,
882 3411 1056 3474 salsissima
1079 3421 1137 3473 est.
1166 3410 1238 3471 Dii-

130 3540 231 3605 fioilis
260 3541 359 3602 etiam
387 3539 472 3600 ratio
502 3535 804 3622 plusquamperfecti
834 3536 930 3599 activi
960 3546 1024 3613 est,
1049 3535 1130 3615 quod
1160 3533 1236 3595 olim

130 3684 205 3728 curn
228 3663 339 3726 eodem
362 3661 466 3725 Corae
488 3660 569 3722 salso
592 3661 736 3723 scribens
758 3657 950 3739 loquensque
973 3659 1082 3720 littera
1099 3677 1165 3719 non
1182 3676 1236 3717 ne·

130 3787 275 3851 cessaria
302 3786 385 3849 auxi.
438 3784 559 3847 Coraes
590 3785 675 3845 enim
707 3782 792 3846 hanc
821 3781 1134 3844 circumlocutionem
1161 3765 1236 3849 εἷχα

108 3901 250 3995 ,γράψει
271 3930 331 3997 pro
354 3896 543 3991 ἑγεγράφειν
564 3930 584 3967 v
605 3906 698 3971 finali
721 3906 858 3983 ornavit,
882 3916 917 3965 ut
940 3904 1014 3966 huic
1030 3903 1157 3968 dicendi
1173 3904 1234 3965 ior·

128 4034 238 4099 mulae
261 4033 462 4115 antiquitatis
486 4030 623 4095 colorem
646 4028 844 4095 conciliaret.
908 4026 1050 4106 idcireo,
1073 4040 1107 4089 ut
1130 4046 1233 4089 exem-
