2684 4740
206 220 288 272 xulv

206 390 364 465 edendae
382 390 472 479 talis,
499 391 638 491 qualem
656 388 840 489 descripsi,
859 390 1105 490 grammaticae
1123 390 1305 465 consilium

205 524 294 623 cepi.
331 523 383 597 At
402 523 543 622 quando
562 520 621 595 hic
641 521 828 595 multorum
845 548 1015 595 annorum
1035 522 1133 596 labor
1148 525 1307 613 est,milri

204 681 290 731 vero
307 681 431 755 parum
448 655 512 728 otii
525 653 683 754 contigit,
703 655 762 729 vix
775 653 956 727 dimidium
973 657 1003 751 ej
1009 680 1049 728 us
1063 681 1180 753 usque
1194 655 1305 730 adbuc

205 785 349 862 absolvi.
398 785 544 861 Interim
569 785 746 860 Demetrii
770 785 1305 886 ZeniParaphrasinBatracbo-

204 918 445 1018 myomachiae
469 917 604 1018 vulgari
630 943 796 992 sermono
821 919 990 1018 scriptam
1015 919 1068 992 sic
1100 917 1210 992 edere
1243 930 1294 994 sta
1333 954 1336 1097 p

204 1050 268 1140 tui,
292 1061 334 1124 ut
359 1076 467 1150 quum
493 1059 636 1125 constet
666 1051 830 1124 carminis
859 1049 965 1149 hujus
995 1058 1132 1123 textum
1164 1051 1336 1149 mendoi

202 1183 345 1256 tissime
368 1182 413 1255 ab
438 1180 515 1257 aliis
540 1182 639 1281 prius
667 1181 835 1256 emissum
861 1207 952 1271 esse,
977 1180 1073 1256 nullo
1099 1181 1233 1257 mendo
1258 1210 1305 1257 re·

202 1313 289 1387 licto
320 1310 468 1385 eruditis
500 1313 742 1402 ostenderem,
778 1340 837 1386 me
868 1312 996 1388 studiis
1029 1324 1137 1413 atque
1169 1315 1304 1416 vigiliis,

203 1440 333 1543 quibus
358 1441 523 1515 diuturna
547 1442 718 1541 loquendi
749 1453 786 1518 et
810 1445 988 1518 scribendi
1020 1446 1231 1522 exercitatio
1255 1475 1304 1522 ac-

202 1574 323 1662 cessit,
347 1573 384 1646 id
410 1582 641 1648 consecutum
666 1600 764 1664 esse,
790 1576 941 1676 utquid
972 1586 1070 1650 recte
1102 1576 1245 1654 dicatur
1272 1580 1304 1653 in

82 1722 88 1729 “
199 1705 268 1780 hac
291 1704 490 1780 recentiore
513 1704 643 1804 lingua,
669 1705 755 1804 quid
780 1707 896 1781 minus
921 1718 1029 1799 recte,
1055 1709 1167 1808 probe
1181 1710 1305 1785 intelli-

200 1862 290 1939 gam.
348 1834 492 1935 Quodsi
515 1835 608 1909 hane
637 1861 751 1908 meam
783 1864 941 1937 operam,
973 1867 1080 1939 quam
1109 1838 1303 1919 litterarum

153 2020 157 2024 -
200 1992 405 2068 graecarum
430 1967 549 2041 studio
576 1967 705 2041 deditis
732 1968 856 2058 dicavi,
881 1968 1019 2044 idoneis
1037 1969 1161 2044 talium
1187 2000 1303 2050 rerum

197 2098 375 2200 judicibus
400 2096 577 2200 placuisse
603 2125 738 2200 eosque
764 2127 894 2203 cupere
918 2101 1138 2191 intellexero,
1172 2107 1303 2181 utalia

199 2259 345 2332 quoque
369 2230 475 2329 hujus
501 2232 641 2333 generis
669 2233 799 2333 scripta
823 2232 860 2304 in
884 2232 999 2308 lucem
1024 2231 1216 2331 proferam,
1240 2265 1303 2313 vo·
1334 2258 1336 2331 j

197 2365 325 2439 luntati
350 2389 471 2436 eorum
497 2362 634 2434 facilem
661 2383 717 2435 me
742 2366 931 2462 praebebo.
986 2365 1134 2455 Restat,
1166 2377 1207 2440 ut
1232 2369 1303 2468 pri·
1334 2336 1336 2345 Ι

118 2514 126 2526 ‘
196 2519 292 2568 mum
319 2519 419 2592 agam
445 2490 489 2564 de
513 2491 700 2564 Demetrio
725 2493 824 2566 Zeno
850 2497 999 2592 ejusque
1019 2521 1138 2596 opere,
1160 2505 1237 2571 tum
1257 2501 1302 2575 de

197 2624 441 2726 superioribus
480 2626 557 2723 ejus
595 2625 760 2699 carminis
798 2625 1023 2715 editionibus,
1061 2626 1217 2727 denique
1256 2634 1300 2706 de

196 2757 363 2867 consilio,
415 2756 513 2858 quod
561 2757 598 2831 in
648 2758 850 2833 adornanda
890 2759 958 2832 hae
998 2759 1152 2833 editione
1198 2788 1299 2841 secu·

194 2900 254 2967 tus
279 2916 369 2964 sum.
1334 2978 1336 2985 .

339 3017 399 3089 De
423 3013 610 3087 Demetrio
635 3012 733 3085 Zeno
759 3038 870 3109 pauca
894 3019 1139 3092 tantummodo
1164 3050 1297 3103 memo·
1333 2990 1336 3015 Ι

191 3151 267 3225 riae
296 3144 437 3247 prodita
467 3143 617 3243 repperi.
676 3140 797 3216 Patria
836 3145 912 3241 ejus
942 3142 1147 3246 Zacynthds
1180 3156 1298 3232 insula

191 3282 268 3366 luit,
292 3287 335 3351 ut
358 3284 512 3349 testatur
536 3284 659 3347 auctor
682 3273 840 3376 Dialogi,
866 3277 928 3375 qui
958 3277 1196 3379 Paraphrasiu
1226 3288 1299 3363 Ba.

190 3407 555 3506 trachomyomaclriae
580 3406 770 3506 praecedit.
820 3407 905 3506 Quo
928 3430 1019 3483 anno
1041 3420 1145 3483 natus
1165 3423 1201 3485 et
1221 3443 1298 3514 quo

191 3550 353 3616 mortuus
377 3540 434 3628 sit,
461 3547 498 3611 et
523 3537 620 3636 quod
646 3537 682 3611 ei·
702 3538 796 3612 vitae
814 3564 925 3640 genus
946 3541 1060 3631 luerit,
1076 3542 1294 3641 ignoramus.

190 3671 399 3771 Ducangius
426 3670 545 3745 Gloss.
576 3669 618 3743 Τ.
643 3669 678 3742 11
703 3670 742 3743 in
765 3669 875 3746 Indic.
902 3674 1039 3748 Auctor
1070 3701 1104 3772 p.
1130 3676 1177 3745 !r7
1210 3704 1292 3755 eum

155 3834 159 3846 ·
190 3805 284 3879 circa
308 3828 437 3875 annum
467 3803 559 3874 1530
580 3800 744 3876 floruisse
763 3803 948 3892 existimat,
974 3803 1150 3894 inductus,
1174 3809 1213 3880 ni
1231 3811 1291 3885 lal-
1333 3818 1336 3945 p

188 3936 253 4026 lor,
278 3944 319 4009 ut
342 3933 411 4006 hoc
436 3942 618 4022 statueret,
644 3934 762 4012 verbis
787 3933 935 4007 Martini
955 3934 1081 4026 Crusii,
1108 3965 1199 4035 quae
1218 3953 1289 4018 sta·
1334 3950 1336 4017 l

188 4069 253 4144 tim
279 4065 446 4167 allegabo.
496 4065 645 4139 Praeter
669 4064 760 4138 hane
785 4063 1202 4168 Batrachomyomacbiao
1228 4102 1288 4174 pa.

187 4198 374 4302 raphrasin
398 4196 493 4273 aliud
519 4223 663 4297 quoque
684 4195 774 4269 Zcui
798 4223 923 4301 poema
942 4200 1091 4277 Crusius
1117 4228 1274 4281 memora
