2684 4740
82 194 144 247 Vbii

86 371 254 465 quantur,
278 369 483 441 rosunum
507 368 710 460 asponon
733 356 936 436 hominibus
961 348 1193 437 difficultates

85 495 214 573 afferre
238 494 368 584 soleata·
387 493 629 599 posteriorum
652 491 870 568 imitationes
887 501 1021 568 certam
1038 492 1195 592 pleruns

88 655 159 729 que
183 625 443 729 interpretandi
466 625 559 703 viam
585 633 874 700 commonstrant
922 626 1047 700 Altera
1064 625 1102 697 in
1122 625 1194 700 hoc

1 745 8 753 ”
82 759 205 860 posita
231 768 299 846 est,
326 757 434 859 quod,
459 756 640 859 quomodo
664 755 783 860 lingua
809 756 854 830 ab
878 756 1024 857 antiqua
1048 756 1105 834 via
1133 755 1196 832 de-

85 890 235 982 texerit,
261 917 283 965 e
305 889 401 967 nuta
426 915 467 966 re
490 890 620 991 magis,
645 915 752 990 quem
777 913 823 964 ex
845 888 903 964 bis
932 889 1195 966 imitationibus

84 1034 237 1101 ‚manat
285 1023 368 1099 Huc
391 1021 548 1114 accedit,
562 1032 612 1101 nr
637 1021 669 1098 si
692 1024 752 1096 cui
780 1021 1004 1123 propositum
1037 1032 1095 1096 cst
1128 1023 1196 1096 cri·

87 1155 305 1265 tici-‘munus
331 1156 523 1247 sustinere,
552 1155 585 1229 is
614 1153 761 1229 dnum
792 1154 862 1229 hoc
893 1155 1038 1229 nomine
1063 1152 1195 1252 dignus

85 1287 213 1364 haberi
244 1298 369 1387 queat,
395 1289 458 1389 qui
488 1313 563 1362 non
591 1286 698 1362 ruodo
736 1287 930 1388 sagacitate
964 1297 1001 1360 et
1032 1287 1196 1360 acumine

86 1417 241 1510 excellit,
263 1418 332 1496 scd
357 1419 485 1509 eriam·
505 1444 575 1518 qua
598 1417 737 1492 ratione
759 1428 924 1495 veterum
949 1416 1029 1491 libri
1054 1417 1100 1491 ad
1126 1445 1196 1494 nos

87 1551 335 1653 pervenerint,
358 1550 448 1628 satis
474 1550 593 1625 animo
622 1549 895 1651 comprehendit
925 1561 1034 1650 atque
1064 1576 1107 1623 ea
1139 1561 1198 1626 est

88 1684 273 1762 doctrinae
297 1685 472 1773 ubertate,
496 1693 538 1758 ut
559 1682 695 1771 omnia,
721 1683 851 1783 quibus
875 1681 994 1809 liugqa
1020 1682 1197 1782 quaedam

88 1817 187 1906 vixit,
211 1825 374 1916 tempora
405 1811 567 1890 conferre
594 1812 692 1888 inter
723 1837 763 1889 ss
792 1811 920 1913 possit
948 1813 1090 1911 'Atqui
1120 1815 1198 1912 plu·

88 1948 190 2024 rima.
209 1944 340 2022 menda
374 1948 420 2021 ab
447 1943 626 2046 imperitis
657 1943 834 2020 citerioris
863 1945 942 2018 aeri
973 1942 1126 2019 librariis
1158 1946 1197 2019 in

87 2073 316 2181 ursiquorum
341 2103 449 2180 opera
467 2078 608 2156 invecta
630 2102 714 2153 esse
732 2075 877 2152 scimus.
925 2075 1103 2152 Nimirum
1120 2104 1195 2176 quo

87 2212 171 2311 quis
200 2212 241 2287 in
263 2212 397 2312 majore
430 2210 541 2313 prisci
571 2209 747 2286 sermonis
770 2208 1003 2310 ignoratione
1031 2186 1195 2284 versaba-

1 2392 4 2397 ,
88 2352 164 2433 tur,
189 2368 232 2417 co
258 2343 414 2444 saepius?
434 2342 473 2415 in
501 2342 750 2419 describendis
779 2339 997 2418 membranis
1021 2365 1194 2441 peccasse

88 2482 135 2549 et.
153 2498 245 2573 quae
270 2473 422 2547 obscura
447 2471 518 2572 ipsi
539 2465 764 2563 videbantur,
788 2496 857 2548 suo
878 2498 978 2549 more
996 2473 1197 2548 correxisse
1232 2484 1236 2489 ’

90 2601 292 2683 causandus
318 2613 386 2686 est,
434 2601 542 2704 Quis.
557 2602 676 2706 igitur,
701 2604 734 2681 si
759 2630 971 2698 sermonem,
996 2631 1068 2706 quo
1085 2605 1199 2682 locuti

89 2745 176 2814 sunt
198 2735 264 2813 isti
285 2736 435 2829 soritae,
458 2737 564 2841 piam
580 2738 940 2847 ignorabretustatis
955 2748 1198 2829 monumenta,

88 2869 156 2948 ubi,
181 2879 350 2970 corrupta
380 2880 483 2960 sunt,
516 2871 752 2973 ,probabiliter
787 2871 982 2945 emendare
1012 2895 1056 2944 se
1086 2894 1199 2970 posse

89 3000 233 3100 spere't?
281 2998 381 3074 Haec
402 2999 522 3074 omnia
546 2999 586 3074 in
602 2999 821 3075 Graecorum
837 2999 994 3098 linguam
1011 3001 1198 3099 quadrant,

91 3157 183 3232 quac
212 3107 408 3232 postquam
444 3128 503 3205 itta
532 3129 766 3207 humanitatis
798 3139 839 3205 ct
871 3129 1067 3208 doctrinae
1084 3145 1199 3209 mater

90 3263 242 3340 Graecia
271 3261 535 3363 Macedonibus
564 3289 694 3364 parere
726 3269 849 3338 coacta
881 3273 955 3355 cst,
986 3268 1120 3343 sensim
1153 3294 1199 3342 ex

88 3394 159 3485 illo,
185 3393 282 3494 quod
307 3394 533 3482 ascenderat,
558 3394 790 3494 perfectionis
823 3395 967 3499 fastigio
998 3395 1223 3485 descendit,‘

89 3532 129 3599 et
151 3525 372 3623 procedente
392 3535 556 3625 tempore
576 3536 716 3603 mutato
740 3553 822 3604 cum
848 3528 1001 3606 dominis
1026 3528 1199 3606 Graeciae

89 3663 188 3749 stain
211 3656 324 3754 magis
349 3656 540 3756 magisque
559 3657 598 3732 in
622 3659 822 3760 periculum
845 3662 1100 3746 adductaest,
1134 3657 1197 3728 do-

87 3812 157 3860 nec
187 3786 310 3863 multis
340 3786 507 3869 defuncta
537 3789 681 3867 casibus
712 3802 837 3866 nostra
865 3786 1034 3863 memoria
1065 3787 1198 3864 revire-

89 3942 196 3993 scens
221 3943 264 3994 ac
286 3919 461 3997 barbariei
486 3921 691 4021 squalorem
720 3922 942 4021 abstergens,
973 3921 1074 4011 senii,
1100 3923 1198 4022 quod

46 4041 51 4050 ¹
88 4048 184 4127 inter
201 4048 345 4154 longam
367 4053 492 4156 populi
515 4054 726 4132 'servitutem
752 4048 978 4128 mnirarerat
1002 4053 1121 4144 oblita,
1146 4056 1199 4152 ju-

87 4181 244 4261 venilem
279 4209 405 4263 rursus
442 4186 569 4265 faciem
601 4184 753 4262 inducre
790 4186 919 4287 coepit„
957 4185 1052 4262 -Sed
1087 4212 1198 4287 quum
