2684 4740
203 234 263 286 Xlt'

203 399 574 503 Ptochoprodromum
617 401 664 475 ob
706 410 951 501 paupertatem
994 411 1219 502 urrncupant.
1248 405 1301 482 ,la

202 534 414 612 duodecimo
445 542 531 634 post
561 531 644 608 Chr.
682 558 718 605 n.
755 532 896 607 saeculo
934 534 1002 606 snb
1034 531 1211 609 Manuele
1249 537 1302 613 Co

203 690 344 756 mneno,
364 666 408 738 ab
434 690 527 739 anno
556 666 648 737 1143
666 663 711 737 ad
731 665 825 737 1180
851 662 945 763 apud
971 663 1131 740 Graecos
1158 665 1303 769 Impera·

202 809 292 886 tore,
316 796 412 873 vixit.
462 795 557 872 Sunt
580 806 710 886 tamen,
737 797 799 894 qui
823 797 893 895 jam
919 794 1018 895 prins
1028 796 1242 873 Simeonem
1256 801 1305 876 So

180 929 315 1025 thum,
341 953 449 1027 quem
472 929 568 1002 inter
593 953 706 1002 annos
738 931 829 1001 1070
855 937 893 1002 et
916 929 1011 1001 1080
1023 925 1205 1005 ‘floruisse
1233 933 1305 1007 mul·

201 1073 319 1137 torum
344 1059 466 1160 opinio
492 1069 558 1150 est,
584 1058 763 1134 Chronica
786 1057 925 1160 vulgari
943 1057 1149 1133 Graecitate
1171 1088 1307 1166 compo·

201 1195 322 1269 snisse
340 1191 501 1265 'tradam
558 1189 912 1292 Ptoclroprodromus
944 1190 1015 1263 duo
1048 1190 1198 1292 reliquit
1232 1205 1306 1296 po'e'¹

99 1306 103 1312 ⁸
200 1335 305 1412 mata,
332 1348 483 1422 quorum
514 1331 706 1421 utrumque
736 1322 896 1431 Manueli
927 1322 1139 1423 Imperatori
1171 1324 1305 1404 dicavit

201 1457 250 1530 ln·
268 1454 396 1528 horum
422 1453 533 1558 altero
560 1450 605 1526 de
629 1463 840 1554 paupertate
865 1436 939 1544 sua,
965 1454 1002 1527 in
1027 1453 1140 1528 altero
1167 1457 1214 1531 de
1241 1487 1306 1533 mo

200 1587 348 1662 nasterii
373 1585 441 1660 sui.
455 1576 634 1685 praelecto
661 1588 899 1686 conqueritur.
953 1585 1160 1686 Utrumque
1187 1600 1307 1690 poema

201 1744 372 1821 perquam
398 1717 559 1817 ineptum
585 1727 651 1806 est,
677 1716 821 1817 dignum
847 1708 957 1807 ver0,'
978 1717 1076 1814 quod
1106 1718 1151 1792 ab
1187 1721 1234 1797 iis
1265 1724 1307 1798 lc·

201 1859 319 1951 gutur,
352 1848 413 1947 qui
446 1872 537 1947 quae
568 1847 698 1947 cuique
728 1848 871 1959 saeculo
907 1847 1081 1947 graecitas
1112 1849 1223 1929 luerit
1255 1881 1307 1929 co·

201 2004 374 2084 gnoscere
399 1979 570 2052 laborant.
618 1978 693 2053 Sed
726 2005 768 2054 eo
802 1978 1029 2080 potissimum
1059 1981 1207 2058 nomine
1239 2012 1308 2060 me·

198 2110 380 2187 morabilia
406 2121 492 2185 sunt
515 2110 584 2185 ista
610 2112 774 2202 carmina,
813 2109 910 2211 quod
935 2108 1018 2183 hinc
1044 2104 1206 2216 exig'uam
1232 2127 1308 2191 tan-

197 2256 275 2323 tum
300 2244 611 2319 animadvertimus
638 2243 873 2317 differentiam
897 2241 992 2316 inter
1016 2242 1195 2346 vulgarem
1216 2246 1307 2320 duo-

198 2374 328 2451 decimi
352 2373 486 2448 saeculi
502 2372 656 2473 linguam
677 2385 714 2448 et
738 2374 916 2473 plebeium
941 2385 1087 2450 nostrae
1112 2380 1306 2454 memoriae

198 2507 417 2582 Graecorum
443 2529 654 2579 sermonem.
703 2503 840 2582 Verum
858 2508 1019 2608 quamvis
1041 2509 1142 2608 plebs
1163 2511 1208 2584 ab
1230 2538 1308 2587 eru-

198 2640 353 2715 ditorum
378 2635 549 2736 loquendi
573 2661 696 2710 norma
712 2640 782 2738 jam
801 2639 951 2714 multum
970 2626 1159 2731 aberraret,
1184 2652 1307 2720 tamen

197 2771 364 2879 antiquae
382 2766 530 2870 liuguae
554 2769 711 2844 studium
743 2771 794 2846 ita
819 2760 918 2847 cordi
949 2773 1167 2850 doctioribus
1200 2777 1308 2853 ditio·

195 2904 369 3001 ribusque
394 2910 431 2976 et
454 2901 544 3000 ipsis
569 2904 852 3002 Imperatorihus‘
874 2914 958 2995 erat,
983 2915 1025 2979 ut
1050 2907 1221 3006 quamdiu
1246 2936 1305 2985 res

195 3034 401 3134 Byzantina·
416 3033 528 3122 stetit,
552 3031 589 3105 in
616 3033 809 3109 aulicorum
835 3035 1094 3137 doctorumque
1116 3020 1305 3116 lrominum

196 3192 259 3242 ore
283 3190 401 3240 sermo
426 3164 648 3266 antiquitatis
674 3177 879 3243 versaretur
903 3195 944 3242 ac
969 3171 1104 3244 tamin
1129 3174 1219 3248 actis
1238 3203 1304 3276 pu-

194 3299 297 3374 blicis
329 3312 435 3397 quam
466 3297 503 3371 in
535 3299 754 3373 eruditorum
786 3300 929 3400 scriptis
961 3301 1212 3380 adhiberetur:
1250 3308 1304 3382 At

193 3432 255 3506 nbi
278 3429 445 3508 victrices
470 3428 667 3505 'furcarum
692 3424 851 3533 legiones
877 3429 1214 3539 Constantinopolin
1241 3465 1304 3513 ex·

192 3570 405 3662 pugnarunt,
430 3587 540 3661 quum
565 3563 727 3663 plerique
750 3563 818 3640 viri
843 3562 940 3638 docti
970 3566 1008 3639 in
1032 3568 1175 3646 ,ltaliam
1200 3571 1303 3646 auln-

192 3676 348 3796 gisseut‚
377 3702 475 3768 tanta
500 3695 615 3794 pestis
645 3695 765 3770 subito
797 3698 920 3797 populi
950 3697 1133 3801 loquelam¹
1154 3684 1301 3792 invasit,

64 3908 73 3917 ..
191 3835 233 3901 nt
256 3851 382 3926 parum
406 3827 564 3917 abesset,
589 3827 678 3926 quin
702 3825 929 3904 barbararum
959 3851 1087 3900 vocum
1119 3816 1298 3928 farragine

192 3958 318 4033 obruta
343 3984 468 4061 graeca
494 3984 577 4033 esse
601 3955 791 4035 desineret.
827 3936 935 4060 Quis
961 3958 1061 4031 enim·
1081 3984 1196 4060 aequo
1222 3965 1297 4037 ani-

187 4116 248 4169 mo
272 4088 650 4189 Graecorumscripta
675 4087 793 4192 legere
817 4101 954 4192 potest,-
975 4118 1067 4191 quac
1098 4091 1168 4168 hoc
1195 4095 1296 4199 vulgi

189 4248 353 4299 sermone
378 4221 424 4298 de
447 4221 596 4297 historia
620 4218 714 4298 illius
739 4225 866 4301 aetatis
892 4224 1053 4302 conlecta
1078 4225 1184 4328 paulo
1210 4239 1295 4321 ante
