2684 4740
210 196 278 267 199
321 223 325 229 ·

339 388 382 452 V.
405 369 480 454 990.
525 378 630 468 ptores
652 385 673 450 9
696 406 780 472 pers.
804 385 847 472 pl.
872 388 956 469 conj.
979 405 1045 448 aor.
1067 386 1160 448 verbi
1175 377 1305 467 γίνομαι.

132 487 133 492 ¹
207 514 273 578 Pro
297 510 358 575 lroc
380 503 485 592 γένετε
508 511 664 571 doctiores
687 508 796 588 γένητε
817 509 970 571 scribunt.
1150 517 1153 522 '

340 633 382 695 V.
406 631 481 697 991.
526 619 696 712 superegre
727 649 786 716 pru
819 632 964 694 vocativo
994 628 1049 693 hie
1075 630 1221 715 ponitur.
1264 630 1303 694 ct

207 756 518 823 animadversionem
540 755 581 816 ad
604 774 682 817 vers.
706 749 758 817 49.

337 877 381 938 V.
404 875 480 942 999.
526 862 677 954 &coperia
699 874 870 960 explanavi
892 876 934 937 ad
956 895 1037 938 vers.
1061 873 1116 938 69.
1152 911 1196 922 -
1230 866 1299 936 ἕποι’.

205 1019 260 1077 την
282 985 337 1076 τὴν
358 994 459 1080 ἡμέρα
481 998 658 1082 vulgariter
680 1018 738 1083 pro
761 987 877 1072 ταύτην
907 986 963 1071 τὴν
983 990 1113 1078 ἡμέραν.

339 1123 380 1186 V.
404 1121 477 1187 993.
523 1119 584 1182 τῶν
601 1117 693 1200 μυῶν
713 1140 787 1204 gen.
809 1141 869 1206 pro
893 1120 1011 1201 dative,
1037 1132 1073 1183 ut
1089 1141 1189 1208 saepe
1204 1122 1237 1184 in
1250 1120 1298 1184 hoc

206 1249 349 1312 carmine
370 1247 517 1309 vidimus.

338 1366 380 1430 V.
404 1363 480 1430 99-1.
524 1359 680 1445 cermeria,
703 1360 837 1446 antique
856 1359 1011 1444 σκιρτῶσι.
1041 1397 1086 1411 ·-
1108 1362 1263 1446 &epicure
1279 1366 1294 1428 i.
1331 1355 1333 1359 Α

205 1515 230 1558 e,
255 1485 441 1571 ῇεωρῶωες,
464 1488 595 1568 antique
618 1484 816 1565 &tarpeiam
860 1485 937 1549 Vid·
960 1507 1058 1574 supra
1081 1487 1124 1551 atl
1147 1509 1226 1559 vers.
1246 1485 1293 1551 lli

204 1635 243 1676 ac
271 1615 310 1676 ele
339 1609 560 1686 vicissitudine
587 1626 740 1670 sonorum
767 1630 792 1665 ω
821 1620 854 1671 et
881 1631 921 1667 ου
945 1613 1015 1692 jam
1043 1609 1080 1672 in
1105 1613 1294 1693 antiquorum

204 1735 350 1802 dialectis
375 1732 467 1795 obvia
488 1728 608 1793 Mattlr.
632 1729 688 1791 Gr.
713 1729 769 1792 Gr.
791 1751 822 1816 p.
846 1730 886 1794 51
912 1731 961 1795 ed.
983 1731 1026 1795 II.

334 1855 376 1922 V.
401 1852 475 1919 995.
523 1845 603 1913 iacti
621 1844 657 1912 v'e'
683 1853 714 1916 i.
729 1875 756 1915 e.
780 1846 859 1937 5ψοῦ
882 1841 932 1912 ἔνε
954 1853 1005 1917 vel
1027 1841 1117 1915 εἶναι.
1162 1855 1294 1935 Fortasse

202 1981 312 2043 Zenus
340 1969 548 2058 δωρικῶσερου
576 1974 631 2039 hic
659 1969 724 2034 ὁπῶ
753 1968 786 2035 'u’
816 1998 874 2064 pro
903 1970 981 2037 ὀποῦ
1001 1969 1036 2036 ’v'
1061 1978 1205 2065 scripsit,
1227 1976 1294 2060 quel

203 2103 359 2186 conjicias
382 2101 459 2164 licet
481 2122 521 2162 ex
545 2109 696 2185 corrupta
718 2100 878 2186 scriptura
899 2087 991 2175 ὁπόν,
1019 2120 1101 2182 quae
1129 2122 1226 2184 usque
1251 2100 1293 2163 ad-

201 2225 265 2290 hue
287 2227 322 2289 in
345 2235 435 2286 textu
457 2234 535 2286 erat.

243 2355 244 2358 ’
332 2344 374 2410 V.
398 2343 471 2409 996.
518 2333 552 2402 τὸ
574 2334 679 2423 βράὸυ
694 2344 825 2429 proprie
847 2355 997 2407 neutrum
1014 2345 1169 2428 adjectivi
1180 2333 1295 2426 βραδύς,

130 2530 137 2537 ,
201 2469 284 2549 quorl
306 2476 445 2528 retracto
468 2476 602 2527 accentu
623 2466 815 2530 substantivi
836 2466 901 2530 vim
917 2468 1050 2552 accepit,
1067 2480 1103 2531 ut
1122 2487 1202 2533 nune
1217 2465 1295 2550 apud

203 2589 354 2670 Graecos,
378 2589 426 2652 ita
442 2591 514 2672 J'am
536 2587 571 2650 in
595 2586 704 2651 multis
727 2589 825 2653 medii
854 2590 925 2652 aevi
950 2594 1170 2654 monumentis
1195 2607 1294 2675 vespe-

199 2732 274 2776 rum
298 2724 426 2776 notans.
475 2709 523 2775 cf.
546 2710 694 2794 Ducang.
720 2709 824 2774 Gloss.
848 2732 873 2774 s.
891 2710 924 2775 Ιι.
942 2732 971 2775 ν.
996 2712 1170 2799 Copiosius
1192 2711 1294 2776 dehac

198 2858 274 2899 voce
303 2836 441 2897 disserui
474 2836 511 2896 in
538 2832 741 2897 Jahrbi'tclrer
768 2836 819 2896 liir
852 2808 1169 2902 wissenschaltlichc
1196 2834 1293 2900 Kritil

197 2956 293 3017 Num.
317 2953 360 3017 59
383 2974 482 3016 mens.
505 2955 604 3015 Mart.
627 2974 703 3017 ann.
729 2953 814 3019 1831
837 2977 909 3041 pag.
933 2955 1009 3022 158.
1043 2992 1088 3006 ·-
1115 2948 1292 3039 perlucere

198 3085 445 3158 congregantur.
493 3072 569 3137 Vid.
593 3074 633 3138 ad
655 3093 737 3139 vers.
762 3074 836 3141 187.
859 3112 902 3125 -
924 3079 976 3145 De
997 3073 1146 3152 καῂέυας
1166 3084 1210 3148 ef.
1228 3099 1293 3166 quae

198 3198 337 3262 diximus
360 3197 402 3260 ad
423 3216 504 3262 vers·
529 3195 604 3261 959.

328 3318 371 3382 V.
394 3318 470 3385 997.
514 3310 714 3402 &conplaceo
736 3321 877 3410 explicui
899 3343 927 3388 v.
951 3323 1004 3389 37.
1040 3358 1083 3371 -
1116 3325 1172 3390 Dc
1196 3315 1295 3407 ὠεριβὲ
1331 3388 1333 3417 :

196 3447 278 3511 conf.
302 3445 423 3508 ob‘serv.
448 3442 593 3507 advers.
616 3443 692 3509 909.

327 3565 369 3628 V.
393 3562 468 3629 998.
513 3564 566 3630 Dc
587 3559 664 3627 ποτέ
681 3589 746 3648 μου
761 3572 834 3653 jam
854 3567 978 3633 locutus
1000 3567 1291 3637 remeaverant.

327 3684 371 3748 V.
394 3685 475 3752 300.
515 3681 684 3770 capuceum
706 3691 727 3756 i.
744 3714 772 3752 e.
795 3684 952 3775 φέρουσιν.
998 3690 1074 3756 Vid.
1091 3694 1235 3759 advers.
1249 3687 1292 3758 71.

195 3793 249 3856 -‘
265 3800 341 3878 aa&
374 3797 448 3888 tipo?
475 3811 498 3872 i.
526 3832 553 3872 e.
581 3805 659 3882 καθ’
688 3801 775 3893 ὥραν
801 3815 912 3877 codem
939 3834 1036 3878 sensu
1065 3817 1292 3902 accipiendam,

192 3952 255 4015 quo
277 3941 401 3995 veteres
422 3945 625 4019 usurparunt.
672 3932 803 4000 Videsis
824 3937 1003 4003 Hermann.
1018 3938 1060 4001 ad
1079 3936 1155 4023 Vig.
1174 3961 1208 4028 p.
1226 3936 1291 4006 860.

193 4052 262 4120 seo
280 4054 477 4118 recentiores
498 4056 547 4119 sic
569 4056 735 4139 loquentes
751 4060 856 4124 minus
874 4060 981 4124 solent
1002 4060 1040 4123 de
1055 4065 1292 4148 praepositione

192 4167 288 4258 curig
309 4193 405 4260 quam
426 4175 466 4242 tle
487 4180 676 4266 pronomine
699 4160 920 4248 indeclinabili
947 4173 1033 4255 κοίβε
1061 4184 1227 4269 cogitare,
1254 4186 1292 4248 ita
