2684 4740
1068 238 1157 290 lm

51 428 121 477 nec
145 427 301 503 unquam
328 399 404 477 luit.
454 399 635 502 Aquibus
659 401 839 479 erroribus
856 430 902 479 ne
920 405 1158 489 Butunannus

54 536 199 635 quidem
225 545 262 609 et
286 533 505 609 llllattlriaeus
530 546 654 610 nostra
685 538 853 613 memoria
878 536 980 613 liberi
1004 540 1158 619 luerunt.

52 668 194 744 Neuter
228 666 394 747 videlicet
431 667 583 758 sciebat,
620 669 800 770 quomodo
833 702 860 773 η
897 668 1158 773 distinguerent

53 799 184 876 Graeci
214 801 257 874 ab
287 833 335 892 v,
366 833 410 877 vt
442 810 479 876 et
502 800 650 902 reliquis
683 804 798 901 sonis,
830 804 961 917 quibus
991 805 1157 883 omnibns

54 934 212 1048 eandem⁴
227 943 444 1033 potestatem
469 960 550 1009 esse
575 934 677 1010 multi
702 934 939 1025 crediderunt,
964 936 1049 1011 item
1070 962 1159 1013 ncu-

52 1077 118 1156 ter,
144 1092 250 1165 quarn
274 1066 370 1144 varia
396 1076 495 1141 esset
519 1066 671 1167 prolatio
697 1074 768 1142 τοῦ
786 1100 819 1157 κ,
845 1067 943 1164 quod
960 1066 1062 1141 aliter
1076 1094 1159 1168 pro·

52 1198 166 1273 sertor
191 1199 228 1270 in
254 1196 408 1300 ἀνάγκη
434 1198 534 1270 etin
558 1197 754 1296 Περικλῆς,
780 1196 882 1270 aliter
906 1197 944 1270 in
969 1195 1074 1289 dard,
1098 1198 1160 1273 nli·

53 1340 112 1403 ter
136 1331 173 1401 in
191 1332 337 1418 ἐκεῖνος,
356 1338 492 1420 neuter,
513 1328 692 1428 quomodo
709 1328 929 1430 discreparet
944 1357 966 1403 r
980 1329 1017 1402 in
1034 1336 1159 1407 rasim

53 1463 98 1534 ab
125 1460 250 1535 eodem
277 1459 453 1534 elemento
478 1460 514 1534 in
539 1459 633 1552 ἀντὶ,
661 1461 715 1538 vel
741 1459 921 1561 quomodo
947 1459 1106 1537 differret
1127 1491 1159 1541 π

52 1595 91 1667 in
116 1593 257 1689 πάσχω
282 1593 326 1666 ab
353 1592 477 1667 eadem
501 1619 659 1669 consona
692 1594 729 1667 in
760 1592 998 1693 συμπάσχω.
1047 1594 1159 1671 Mitto

54 1725 131 1816 alia,
156 1726 193 1798 in
220 1725 351 1824 quibus
376 1725 468 1826 lapsi
493 1735 588 1815 sunt,
614 1725 696 1824 quia
712 1725 903 1801 molestum
928 1735 996 1817 est,
1019 1724 1160 1827 singula

55 1883 271 1933 enumerare.
321 1856 435 1930 Porro
461 1857 641 1947 omnibus,
667 1856 727 1958 qni
751 1854 895 1933 Erasmi
922 1856 1160 1959 patrocinium

54 1998 301 2090 susceperunt,
325 1988 481 2091 vulgaris
512 1988 633 2089 lingua
658 1989 797 2065 Graeca
820 1988 942 2091 ignota
966 1999 1053 2067 erat.
1108 1988 1162 2067 At

55 2124 231 2211 neminem
250 2148 417 2220 unquam,
437 2121 497 2221 qui
513 2146 636 2220 parem
655 2146 735 2193 cum
751 2130 904 2220 utraque
921 2120 1039 2218 lingua
1056 2146 1161 2195 usum

56 2266 94 2329 ct
120 2253 224 2352 quasi
248 2251 520 2325 familiaritatem
545 2255 735 2341 contraxit,
768 2251 831 2352 qui
861 2250 1049 2353 utriusque
1079 2276 1163 2327 ana·

56 2385 186 2486 logiam
216 2382 393 2484 percepit,
425 2383 487 2484 qui
517 2409 593 2460 non
621 2381 729 2457 modo
762 2410 783 2459 e
814 2382 933 2477 libris,
963 2384 1162 2463 sedetiam

56 2518 262 2619 quotidiana
286 2515 456 2617 loquendi
481 2518 747 2618 opportunitate
766 2518 944 2594 Graecum
959 2543 1162 2595 sermonem

56 2651 190 2741 didicit,
221 2649 406 2724 dubitasse
431 2648 581 2737 scimus,
610 2675 697 2721 num
725 2659 869 2726 veteres
900 2647 1031 2723 Gracci
1060 2651 1162 2725 aliter

55 2781 331 2884 pronuntiarint,
356 2804 462 2878 quam
487 2777 714 2851 recentiores.
751 2776 979 2878 lneptissima
1002 2803 1088 2852 vero
1103 2778 1163 2853 illa

58 2921 145 2989 sunt
168 2920 390 3013 argumenta,
416 2909 546 3011 quibus
572 2908 818 2984 demonstrare
846 2909 1023 3001 nituntur,
1056 2910 1163 3012 dege·

56 3071 205 3137 necasse
230 3026 426 3119 recentium
451 3040 671 3119 Graecorum
703 3039 956 3143 pronuntiandi
987 3044 1161 3119 rationem

58 3180 103 3253 ab
128 3178 285 3278 antiqua.
339 3177 435 3254 Nam
466 3176 563 3276 quod
596 3174 756 3278 plerique
787 3183 966 3263 statuunt,
997 3174 1162 3251 idoneam

59 3310 198 3385 adhoc
222 3307 443 3410 probandum
467 3309 621 3412 linguam
645 3310 789 3398 latinam
815 3332 908 3395 esse,
931 3305 969 3378 id
986 3306 1163 3406 duplicem

60 3469 216 3519 errorem
241 3443 410 3518 continet
458 3441 562 3517 Alter
592 3452 666 3534 est,
697 3440 808 3543 quod,
840 3462 952 3540 quum
981 3438 1164 3538 antiquam

60 3576 246 3652 Romanae
273 3574 414 3673 linguae
438 3575 761 3675 pronuntiationem
786 3599 860 3647 non
885 3568 1034 3670 amplius
1060 3571 1165 3648 calle·

63 3733 180 3798 amus,
216 3732 262 3781 cx
292 3707 413 3807 ignota
444 3707 731 3806 pronuntiatione
761 3705 927 3805 colligere
955 3702 1044 3778 nihil
1074 3704 1165 3783 certi

63 3864 255 3943 possumus
293 3838 338 3913 ad
368 3838 514 3915 alterius
544 3838 685 3942 linguae
715 3862 825 3914 sonos
855 3845 954 3910 recte
982 3836 1164 3936 proteren-

64 3974 143 4049 dos.
192 3971 324 4072 Neque
349 3971 444 4046 enim
469 3998 684 4073 quemquam
709 3968 846 4071 opinari
876 3977 1028 4070 oportet,
1054 3969 1164 4045 Conr.

64 4104 177 4207 Leop.
227 4103 488 4180 Schneiderum
536 4104 593 4182 vel
635 4103 724 4178 alios
772 4127 872 4178 veras
922 4101 1166 4177 Romanorum

64 4237 318 4338 pronuntiandi
348 4238 447 4340 leges
486 4264 506 4311 e
538 4232 816 4312 discordantium
848 4234 1167 4312 Grammaticorum
