2684 4740
1085 175 1133 249 89

25 369 204 455 positionis
225 369 368 455 ponitur,
391 368 532 432 maxime
553 378 631 432 ante
652 366 924 455 praepositionem
946 358 1025 444 dud,
1046 373 1134 437 verbi

28 511 127 554 eausa
149 493 186 555 in
208 484 395 571 ξαναβλέπω
417 488 537 556 iterum
559 487 669 571 video,
691 478 890 572 ξαναφράφω
906 487 1067 574 rescribo,
1079 496 1134 571 ξα.

28 606 190 696 νσψυρίζω
212 611 322 678 redeo.

163 736 205 799 V.
230 734 302 801 196.
347 725 391 796 nol
423 728 596 818 e’ptrrat'vouv
627 736 679 801 val
714 728 889 818 ἕμβαίνουν
921 737 943 803 3
975 760 1058 826 pers.
1090 741 1133 829 pl.

30 860 140 923 Praos.
164 859 259 943 Conj.
282 879 341 945 pro
363 860 496 941 antiquo
519 850 708 940 ἕμβαίυωσι.
753 858 801 922 Gi.
818 860 892 922 adn.
907 861 1043 926 advers.
1063 861 1133 926 111.

164 981 205 1044 V.
230 979 302 1048 127.
347 969 501 1062 ἕρχονταν
528 983 632 1045 iorma
660 980 802 1063 vulgaris
829 979 850 1044 3
873 1001 955 1066 pers.
985 983 1027 1068 pl.
1052 983 1133 1071 lmp.

29 1106 120 1168 verbi
149 1091 300 1185 ἕρχρμοιι,ἱ
326 1125 386 1189 pro
416 1123 480 1184 qua
507 1102 622 1184 vulgus
650 1112 816 1187 praeterea
839 1087 1014 1181 i'pqeouorav
1035 1118 1068 1168 et
1090 1101 1136 1186 ἕρ.

29 1217 207 1303 moderare,
234 1226 320 1313 docti
346 1222 495 1286 homines
522 1210 650 1302 ἕρχουτο
677 1221 727 1284 vei
753 1208 886 1302 ἤρχοντο
906 1239 1070 1312 usurpant.
1092 1259 1137 1278 -ι

28 1345 157 1428 μαῢρος
176 1342 274 1431 niger
289 1349 360 1430 jam
382 1345 418 1408 in
440 1345 538 1408 medii
560 1345 631 1408 aevi
652 1347 866 1408 monumentis
887 1343 950 1409 irac
971 1347 1139 1431 significa·

31 1470 123 1531 tione
146 1477 262 1529 exstat.
306 1467 374 1532 Adi
395 1460 543 1549 Ducang.
568 1465 671 1529 Gloss.
692 1486 765 1552 pag.
788 1465 862 1532 890.
910 1467 1051 1552 Etymon
1078 1470 1136 1537 lra-

32 1593 87 1655 iset
110 1592 150 1652 ab
174 1589 305 1670 antiquo
326 1574 466 1668 μαυρὸς,
487 1587 564 1656 licat
584 1607 652 1652 non
674 1589 758 1651 idem
780 1592 975 1655 remanserit
990 1594 1136 1660 vocabuli

34 1711 225 1777 intellectus.
275 1710 452 1773 Praeterea
479 1709 542 1773 hoc
567 1729 687 1773 nomen
714 1731 756 1772 ex
784 1714 893 1796 paucis
920 1713 988 1776 illis
1011 1726 1077 1796 est,
1099 1717 1137 1780 in

34 1837 145 1919 quibus
160 1843 311 1902 accentus
322 1832 430 1895 sedem
443 1832 575 1895 citerior
589 1831 757 1894 Graecitas
774 1833 919 1896 mutavit.
941 1833 993 1896 De
1004 1839 1136 1901 vocabu·
1237 1872 1247 1886 ι

36 1957 77 2025 lis
98 1944 222 2038 μαυρός
243 1966 276 2018 at
298 1943 442 2034 ἀμαυρός
463 1954 535 2018 vide
557 1975 637 2037 quae
652 1973 757 2040 nuper
779 1953 953 2039 disputavit
974 1954 1080 2021 Lucas
1101 1959 1138 2022 in

36 2083 167 2159 Quaest.
190 2077 338 2160 Lexilog.
361 2076 415 2143 lib.
438 2076 456 2141 I
478 2097 509 2163 p.
531 2073 575 2142 94
597 2095 682 2157 seqq.
707 2108 748 2124 -
771 2065 1006 2137 ἒοωυκουλόυαν
1020 2078 1041 2143 3
1056 2101 1138 2165 pon.

23 2202 78 2290 pl.
101 2203 177 2288 imp.
201 2211 262 2265 act.
284 2200 372 2265 verbi
393 2187 604 2260 mamertem.
649 2194 709 2261 Sic
722 2217 849 2283 semper
863 2200 1059 2265 recentiores
1076 2189 1140 2261 ἕλε.

34 2347 113 2408 γαν,
135 2311 282 2406 ἔγραψαν
303 2343 362 2409 pro
386 2309 507 2403 ἔλεγον,
530 2308 687 2403 ἔγραφον.
733 2321 805 2397 Quo
823 2321 871 2402 fit,
885 2333 922 2387 ut
937 2321 1019 2388 haec
1037 2326 1141 2392 forma

36 2470 56 2512 a
79 2448 183 2534 prime
204 2466 344 2535 persona
366 2445 543 2529 singularis
565 2444 721 2528 distingui
743 2456 849 2526 queat,
872 2464 952 2527 quaa
968 2458 1018 2512 est
1033 2435 1139 2532 iieya,

37 2559 177 2652 ἔγραψα,
199 2590 259 2652 quo
283 2569 410 2652 quidem
433 2569 581 2632 discrime
602 2577 726 2630 veteres
749 2578 870 2630 carent.
921 2567 962 2631 ln
991 2563 1140 2633 ἐκοωωυ.

35 2682 135 2754 alveo
167 2693 276 2756 chus
308 2691 405 2756 metri
432 2711 530 2754 causa
557 2699 724 2753 accentum
752 2708 794 2751 ax
826 2688 1079 2773 antepenultima
1105 2694 1142 2758 in

34 2814 251 2905 penultimam
271 2812 426 2897 syllabam
450 2813 595 2897 conjecit.
639 2809 733 2887 Quod
755 2808 912 2891 reliquum
927 2822 985 2890 est,
1008 2833 1144 2874 κουκου.

36 2929 123 2998 advo
155 2936 284 3023 propria
317 2938 475 3025 aeeipitnr
507 2956 638 3023 proco,
668 2933 753 3016 quod
779 2946 828 2997 est
856 2931 988 2999 cucullo
1010 2933 1141 3026 obtego.

39 3061 170 3146 Quippe
187 3055 351 3124 cucullum
372 3059 435 3124 hoe
456 3060 527 3146 ipso
550 3057 742 3122 Latinorum
764 3058 916 3122 vocabulo
939 3058 1057 3124 Graeci
1070 3083 1145 3123 κου.

38 3173 169 3246 κούλιον
201 3181 252 3247 vel
283 3173 490 3251 κουκούλλιον
522 3181 701 3244 nominant.
747 3178 832 3242 Vide
860 3178 1007 3263 Ducang.
1037 3181 1142 3248 Gloss.

38 3327 111 3394 pag.
134 3303 210 3371 727.
259 3304 546 3369 verumenimvero
572 3313 685 3366 nostro
714 3301 785 3364 loco
807 3320 875 3372 non
897 3299 961 3363 ista
982 3306 1145 3371 sententia

40 3432 98 3493 sub
119 3426 183 3492 hac
204 3449 281 3492 voce
303 3428 512 3512 subjicienda,
535 3436 571 3488 ut
593 3426 744 3511 opinatur
765 3422 956 3506 Ducangius
979 3420 1000 3483 l.
1023 3420 1062 3502 1.,
1089 3424 1146 3490 sed

40 3553 189 3618 universe
210 3549 265 3615 hic
287 3562 382 3616 sonat
403 3550 489 3615 nihil
510 3549 576 3613 nisi
597 3543 728 3634 cetego,
744 3545 795 3611 vel
818 3545 947 3629 quiade
963 3546 1059 3611 undis
1077 3548 1145 3634 agi·

42 3686 101 3758 tur,
124 3671 261 3747 inundo.

172 3796 216 3860 V.
241 3795 315 3863 128.
361 3785 402 3856 τὰ
424 3786 560 3876 ’μμάτια
580 3795 647 3876 vel,
669 3806 706 3857 ut
729 3792 787 3858 alil
808 3792 963 3873 scribunt,
985 3784 1025 3854 rol
1045 3783 1149 3876 pruina

44 3931 115 3985 sunt
138 3917 237 3986 oculi.
283 3921 335 3983 Ita
358 3921 554 3982 recentiores
576 3928 728 4005 perpetuo
759 3916 869 3979 dicunt
896 3917 1016 3982 omissa
1042 3919 1149 3987 vocali

43 4065 140 4133 opro
165 4032 316 4124 ὀμμάτια.
362 4040 410 4105 Cf.
434 4040 542 4103 adnot.
565 4041 607 4104 ad
628 4038 763 4122 Dialogi
784 4057 865 4101 vers.
887 4037 908 4102 3
931 4041 1026 4107 etad
1048 4042 1149 4107 Para·

42 4168 158 4250 phras.
182 4185 265 4232 vera.
288 4163 320 4231 6.
366 4161 554 4247 Singularis
588 4161 772 4248 plerumque
805 4160 896 4226 audit
927 4153 962 4223 rd
988 4153 1063 4244 pain
1089 4183 1150 4250 pro
