2684 4740
339 1172 1014 1390 Prolegomena.

567 1508 769 1522 m

263 1653 317 1731 Ea
339 1655 490 1756 contigit
507 1653 691 1733 bominum
714 1654 844 1754 linguis
867 1654 1007 1733 indoles
1026 1681 1069 1731 ac
1084 1665 1220 1749 natura,
1332 1665 1340 1673 ’

116 1799 158 1862 ut
183 1812 292 1885 quum
316 1760 503 1857 nibil'sint
525 1783 597 1858 nisi
621 1784 738 1860 variae
763 1785 912 1861 rationis
937 1789 1111 1865 humanae
1136 1790 1221 1865 ima-

117 1920 219 2019 gines
245 1924 366 2016 atque}
378 1915 523 2005 lormae,
547 1915 585 1989 in
610 1917 759 1991 maxima
785 1916 995 1995 diversitate
1013 1929 1221 2020 perpetuam

117 2050 295 2149 quandam
320 2045 586 2123 similitudinem
609 2059 840 2131 conservent
899 2049 1133 2150 Quapropter
1161 2076 1221 2129 vo-

115 2193 233 2256 torum
258 2180 471 2281 populorum
494 2178 645 2277 linguas,
659 2205 819 2277 ¹quarum
843 2180 1007 2255 notitiam
1033 2207 1053 2254 e
1077 2181 1221 2281 scriptis

117 2319 256 2386 tantum
287 2309 525 2385 monumentis
556 2307 697 2383 haurire
724 2309 828 2400 licet,
861 2336 954 2409 qnae
983 2336 1057 2387 nou
1088 2313 1221 2412 ubique

115 2441 254 2517 facilem
280 2441 413 2517 habent
436 2441 665 2532 intellectum,
690 2441 757 2517 sed
781 2442 963 2517 interdum
984 2469 1104 2519 rerum
1128 2447 1220 2545 pari-

116 2586 174 2650 ter
198 2585 305 2674 atque
332 2575 522 2653 verborum
548 2574 767 2651 obscuritate
797 2573 977 2666 laborant,
1008 2603 1029 2650 e
1060 2575 1221 2676 diligenti

103 2708 262 2782 aliarum
289 2707 487 2805 linguarum
513 2705 788 2800 comparatione,
813 2705 943 2777 sinon
967 2707 1127 2802 penitus,
1151 2734 1222 2783 ma-

120 2862 188 2936 gna
219 2845 338 2908 tamen
369 2859 415 2908 ex
449 2842 552 2933 parte
586 2833 723 2933 percipi
759 2858 870 2933 posse
900 2832 1127 2909 manifestum
1158 2846 1222 2912 est

118 2966 265 3068 Quippe
290 2968 326 3040 iu
352 2966 448 3040 omni
473 2964 671 3066 linguarum
695 2964 817 3041 studio
840 2964 879 3045 id
896 2968 1052 3064 spectari
1071 2977 1222 3065 oportet,

117 3111 159 3175 ut
183 3099 449 3201 perspicuarum
475 3097 821 3198 cognitionerernm
846 3098 957 3196 adjuti
981 3097 1027 3173 ad
1052 3125 1103 3190 ea,
1129 3126 1221 3200 quae

118 3233 224 3332 longa
274 3231 496 3307 saeculorum
545 3228 659 3306 series
700 3226 919 3322 obscuravit,
962 3230 1100 3310 lacilius
1142 3229 1220 3305 illu-

120 3362 267 3441 stranda
285 3363 438 3438 animum
465 3361 694 3465 appellamus.
745 3362 788 3437 ln
815 3388 887 3460 quo
912 3361 1001 3435 nihil
1023 3360 1138 3459 magis
1159 3387 1221 3435 ne·

113 3497 315 3571 cessarium
339 3495 496 3584 videtur,
520 3521 633 3599 ‘quam
668 3493 871 3601 universam
902 3491 1042 3592 liuguae
1075 3491 1220 3590 alicujus

119 3627 310 3707 historiam¹
330 3627 383 3701 sic
407 3627 615 3726 perquirere
648 3636 756 3725 atque
787 3599 1004 3712 examinare,
1033 3634 1075 3699 nt
1106 3632 1221 3698 toturn

120 3758 206 3832 illud
232 3733 385 3860 tempusa,
410 3783 490 3858 quo
508 3757 661 3833 bominis
687 3759 800 3833 instar
825 3757 868 3829 ab
895 3756 1031 3857 exiguis
1056 3765 1135 3831 orta
1158 3752 1224 3825 iui-

121 3891 181 3966 tiis
208 3891 332 3976 crevit,
357 3889 487 3980 floruit,
512 3889 671 3966 decrevit
693 3875 802 3988 atque
828 3888 1002 3965 exstincta
1020 3896 1086 3976 est,
1103 3891 1225 3957 mente

126 4021 412 4123 contemplando,
435 4047 508 4095 non
533 4021 652 4095 minus
677 4019 841 4120 principii
866 4021 1033 4097 tenebras
1062 4010 1227 4093 florentie

125 4154 249 4232 aetatis
273 4152 366 4243 luce,
390 4151 508 4252 quoad
527 4153 605 4251 ejus
621 4150 699 4225 lieri
715 4160 846 4248 potest,
871 4152 1099 4229 illustr-emus,
1118 4157 1232 4229 quam
