2684 4740
1075 268 1175 324 xxvn

69 433 333 511 circumventus
371 432 504 535 aliquid
540 433 683 510 humani
719 459 850 536 passus
882 435 1021 513 luisset.
1069 438 1173 533 Rern,

68 566 122 641 uti
147 577 249 669 gesta
274 576 332 642 est
355 594 385 641 a.
410 566 465 644 Cl.
489 567 623 645 Vossio
650 567 868 664 (Aristarch.
888 567 911 641 l.
927 572 958 642 1.
982 597 1011 643 c.
1027 571 1096 667 28)
1115 598 1173 649 ac-

68 699 186 801 cipite.
236 699 272 774 Is
299 725 375 773 eam
401 725 445 774 ex
461 699 634 775 relatione
651 699 799 774 llenrici
817 699 1092 803 Coracopetraei
1113 703 1171 783 his

67 829 177 905 refert
206 832 341 906 verbis:
373 829 532 923 „Audivi
560 831 612 908 llll.
639 833 839 935 Rutgcrum
863 832 1059 910 Reschiurn
1088 862 1172 937 pro·

66 962 242 1038 sessorem
265 962 407 1066 linguae
432 978 580 1066 graecae
604 963 642 1038 in
668 963 817 1067 collegio
842 965 1051 1041 Buslidiano
1077 968 1172 1069 apud

66 1095 323 1186 LovanienseS,
347 1123 468 1170 meum
491 1096 572 1197 piae
589 1094 782 1169 memoriae
799 1107 1077 1195 praeceptorem,
1093 1125 1173 1175 nau-

65 1237 215 1315 rantem,
241 1253 282 1301 se
304 1226 487 1301 habitasse
510 1227 550 1299 in
574 1225 724 1299 Liliensi
747 1225 974 1328 paedagogeo
999 1252 1069 1303 una
1092 1254 1172 1305 cum

64 1356 230 1448 Erasmo,
256 1384 299 1432 eo
325 1357 499 1458 superius,
525 1382 566 1432 se
590 1356 736 1431 inferius
760 1356 960 1432 cubiculum
979 1358 1171 1437 obtinente.

64 1488 260 1564 chricum
277 1500 394 1564 autem
410 1489 623 1564 Glareanum
637 1487 785 1564 Parisiis
801 1488 1000 1567 Lovnninm
1017 1493 1171 1586 venisse,

63 1631 173 1723 atque
198 1623 241 1696 ab
259 1622 411 1696 Erasmo
431 1621 470 1696 iu
486 1621 672 1722 collegium
688 1632 855 1696 vocatum
872 1622 985 1699 luisse
1003 1622 1049 1697 ad
1066 1652 1171 1726 pran-

64 1752 177 1828 dium:
204 1781 276 1853 quo
302 1780 383 1826 cum
408 1755 581 1843 venisset,
615 1751 702 1851 quid
726 1753 811 1830 novi
835 1752 990 1829 adferret
1019 1755 1171 1831 interro·

64 1896 184 1988 gotum
210 1886 343 1961 dixisse
369 1885 488 1985 (quod
512 1885 550 1959 iu
573 1884 702 1959 itinere
726 1895 949 1961 commentus
966 1896 1053 1978 erat,
1071 1884 1170 1987 quod

63 2020 173 2094 sciret
196 2019 386 2094 Erasmum
411 2018 491 2119 plus
517 2017 605 2091 satis
629 2043 748 2090 rerum
772 2043 944 2094 novarum
968 2019 1169 2095 studiosum

62 2177 105 2225 ac
129 2151 218 2226 mire
244 2151 447 2244 credulum)
480 2146 655 2248 quosdam
678 2146 717 2218 in
742 2145 894 2221 Graecia
922 2158 1027 2223 natos
1058 2150 1170 2226 Lute-

60 2282 150 2356 tiam
180 2281 343 2371 venisse,
373 2280 471 2357 viros
503 2278 548 2352 ad
580 2276 787 2352 miraculum
812 2276 950 2370 doctos,
976 2278 1039 2380 qui
1062 2280 1169 2386 longe

61 2411 163 2486 aliam
172 2413 290 2515 graeci
301 2412 477 2488 sermonis
491 2411 814 2514 pronuntiationem
825 2423 1050 2514 usurparent,
1060 2440 1167 2517 quam

61 2572 154 2646 quae
170 2545 276 2649 v‘ulgo
295 2546 332 2620 in
350 2545 451 2622 hisce
468 2545 628 2646 partibus
646 2553 791 2644 recepta
809 2554 916 2621 essct.
942 2542 1018 2620 Eos
1037 2573 1168 2648 nempe

60 2703 190 2752 sonare
214 2704 281 2778 pro
305 2678 392 2750 Vita
416 2677 518 2765 Beta,
542 2702 609 2774 pro
633 2683 665 2749 H
688 2675 739 2746 ita
762 2675 844 2762 Eta,
867 2701 934 2774 pro
953 2673 1013 2766 Αι,
1040 2680 1083 2767 ai,
1101 2706 1167 2777 pro

60 2841 106 2897 οι,
132 2809 166 2881 oi
192 2818 229 2880 et
255 2806 370 2882 sicin
395 2806 555 2878 cacteris.
605 2802 690 2900 Quo
716 2801 837 2877 audito
854 2803 1045 2889 Erasmum
1061 2807 1168 2907 paulo
1209 2830 1213 2837 ·

58 2949 147 3041 post
171 2938 431 3039 conscripsisse
457 2936 633 3038 dialogum
666 2934 711 3008 de
741 2944 839 3009 recta
867 2935 991 3011 Latini
1022 2937 1168 3015 Graeci-

58 3098 131 3173 que
156 3071 331 3147 sermonis
356 3070 662 3171 pronuntiatione,
695 3075 737 3140 ut
765 3067 948 3147 videretur
978 3068 1084 3171 hujus
1113 3072 1166 3148 rei

18 3258 21 3263 -
57 3206 138 3305 ipse
162 3205 345 3292 inventor,
370 3213 407 3278 et
437 3201 610 3278 obtulisse
641 3199 751 3274 Petro
783 3200 968 3276 Alostensi
998 3212 1167 3303 typogra-

57 3337 132 3439 pho
170 3336 452 3438 imprimendum.
515 3333 592 3435 Qui
623 3359 703 3407 cum
733 3332 826 3407 sorte
859 3332 936 3408 aliis
969 3342 1164 3435 occupatus

56 3479 243 3546 renueret:
269 3478 330 3544 aut
355 3479 452 3544 certe
478 3477 616 3543 setam
642 3466 714 3540 cito
732 3465 917 3554 excudere,
945 3488 1052 3561 quam
1068 3464 1165 3542 vole-

56 3602 130 3690 bat,
155 3625 229 3674 non
252 3624 363 3699 posse
387 3601 532 3690 diceret,
556 3599 699 3674 misisse
723 3597 879 3672 libellum
911 3594 1089 3671 Basileam
1119 3599 1165 3672 ad

56 3732 335 3822 F1·0benium,a
362 3757 434 3832 quo
464 3757 548 3805 mox
578 3732 775 3831 impressus
806 3730 844 3801 in
873 3726 989 3803 lucem
1019 3728 1179 3831 prodiit·

55 3864 194 3944 Verum
218 3866 408 3941 Erasmum
434 3864 574 3964 cognita
598 3861 722 3937 fraude
746 3886 927 3959 nunquam
946 3886 988 3934 ea
1006 3886 1164 3960 pronun-

55 3997 168 4073 tiandi
192 3998 330 4071 ratione
354 4005 480 4097 postea
506 4023 620 4086 usum,
645 4021 713 4069 nec
731 3992 863 4083 amicis,
884 3994 1097 4093 quibuscum
1114 3992 1164 4066 lu-

56 4130 240 4205 miliariter
262 4130 415 4220 vivebat,
433 4139 475 4205 ut
493 4155 570 4203 eam
588 4127 830 4214 observarent,
848 4125 1085 4226 praecepisse
1121 4120 1164 4197 In

56 4262 135 4365 ejus
160 4262 213 4339 rei
236 4261 347 4337 fidem
368 4260 532 4337 exhibuit
554 4260 739 4360 Rutgerus
763 4254 878 4356 ipsius
894 4255 1038 4331 Erasini
1055 4272 1165 4331 11101111
