2684 4740
1128 206 1194 278 111

98 408 218 466 rutum.
264 395 323 463 Sic
341 397 522 484 Procopius
545 396 687 463 Gazaeus
709 397 763 463 lib.
781 397 798 463 1
819 395 949 485 Regum
972 418 1041 487 cap.
1056 396 1100 465 10
1114 391 1200 480 παρὰ

98 513 154 584 [civ
175 511 309 598 ’Ἕλλησι
336 510 473 600 τάφρον,
500 509 587 600 παρὰ
613 511 650 580 δὲ
675 512 838 602 Ῥωμαίοις
865 512 1043 600 φωσσάτον.
1095 522 1199 586 Porro

98 654 216 709 costra
228 639 344 732 fossis
365 639 594 707 circrcmductc
616 645 665 708 sio
686 645 893 708 nominantur
915 656 1009 726 atque
1031 644 1111 708 adeo
1129 645 1200 731 ipsc

98 763 279 845 exercitus,
301 777 339 828 ut
359 764 469 829 multis
491 767 614 831 mediae
637 768 753 831 aetatis
774 750 968 854 scriptorum
989 768 1070 831 locis
1094 779 1199 831 osten·

98 891 143 954 dit
164 889 355 971 Duoangius
383 888 434 951 Gl.
462 891 553 953 Tom.
576 890 611 954 ll
637 911 669 978 p.
694 886 790 954 1691.
840 889 911 955 Hoc
938 890 1009 954 loco
1036 889 1200 973 significat

98 1009 295 1086 exercitum,
316 1009 445 1098 copias.

227 1133 271 1197 V.
294 1132 369 1198 133.
414 1124 562 1214 ἆγήσουυ
594 1135 617 1197 i.
651 1155 679 1197 e.
718 1122 889 1214 ἀργῆσωσι.
944 1132 1077 1196 Cmsius
1105 1135 1201 1197 verba

98 1247 195 1337 χωρὶς
216 1249 241 1314 ν’
266 1243 432 1334 ἀργῆσσυν
445 1247 562 1325 virores·
574 1256 618 1319 ad
637 1255 781 1319 litteram
800 1255 953 1318 reddidit:
975 1252 1103 1342 udoque
1124 1274 1201 1318 cren·

98 1375 230 1444 claudo
244 1372 435 1462 quicquam,
450 1396 531 1458 quae
552 1379 774 1464 interpretatio
796 1395 838 1440 ne
853 1389 971 1441 teretes
993 1398 1087 1443 aures
1104 1378 1200 1442 oden·

98 1504 200 1580 deret,
223 1520 244 1562 a
266 1519 317 1561 me
338 1499 388 1561 sic
409 1511 532 1563 mutata
554 1511 618 1563 est:
639 1499 713 1563 sine
733 1496 808 1562 nlla
829 1497 1053 1564 coarctatione.
1077 1534 1122 1547 -
1150 1496 1200 1581 ἕβ.

98 1621 204 1708 primu
225 1620 245 1685 3
268 1641 351 1707 pers.
374 1619 418 1707 pl.
442 1641 508 1684 aor.
531 1621 601 1686 Ind.
624 1625 713 1687 verbi
736 1615 884 1704 ε’βγαίνω.
929 1622 978 1686 Cf.
999 1645 1081 1687 vers.
1105 1622 1179 1689 185.

227 1743 271 1807 V.
292 1740 367 1806 131.
414 1737 651 1822 §praemineo
671 1746 767 1806 metri
798 1764 895 1807 causa
922 1766 981 1829 pro
1012 1737 1199 1825 ἐμαζοῆατη.

98 1892 160 1931 καν
182 1870 203 1933 i.
228 1888 256 1930 e.
279 1851 529 1945 dprog‘dmoao.
577 1864 653 1928 Vid.
678 1885 758 1946 quae
782 1866 1016 1929 observavimus
1039 1867 1080 1928 ad
1102 1886 1198 1930 verse.

98 1991 149 2074 31,
174 1987 238 2054 187
263 2000 295 2052 et
320 1987 390 2053 191.

229 2109 272 2177 V.
294 2109 370 2175 136.
415 2098 458 2169 coi
480 2097 626 2190 μάβουσι
648 2107 825 2192 vulgariter
846 2128 905 2194 pro
933 2096 976 2166 od
995 2098 1136 2189 μάθωσι.
1158 2144 1201 2159 ·-

98 2231 299 2320 ὄργισὲῆκαυ
314 2231 382 2296 vid.
404 2252 486 2294 vers
510 2229 655 2317 praeced.

228 2355 272 2420 V.
296 2351 371 2420 136.
416 2342 624 2433 ἆποροῦσασῐ
648 2373 708 2439 pro
742 2344 927 2432 ἀποροῦσαν
959 2352 1021 2434 (os.
1056 2352 1130 2416 adn.
1159 2353 1202 2419 ad

98 2505 125 2549 ν.
150 2479 197 2565 9.)
219 2479 241 2546 3
262 2498 346 2566 pers.
369 2460 517 2563 pl.1mp.¹
539 2475 627 2538 verbi
649 2466 764 2554 ἀπορῶ.
815 2474 893 2539 Vid.
920 2496 1001 2557 quae
1024 2477 1201 2542 observavi·

98 2625 171 2672 mus
193 2604 336 2668 advers.
360 2597 435 2664 110.
458 2632 503 2648 -
525 2592 753 2676 ἕκτρευθῗριαν
774 2598 813 2657 cl.
836 2615 917 2659 vers.
935 2594 1010 2660 131.
1038 2597 1087 2662 Eo
1104 2619 1203 2662 sensu

98 2750 163 2812 quo
197 2725 253 2790 hie
273 2725 383 2788 Zenus
405 2742 447 2785 ex
468 2717 660 2783 recentioris
681 2717 813 2798 linguae
842 2717 1071 2779 consuetudine
1098 2718 1202 2802 passi.

98 2871 176 2920 vum
197 2848 314 2937 posuit,
336 2856 460 2911 veteres
482 2842 621 2906 activum
643 2825 809 2919 ε’χὲτρεῦειν
829 2836 980 2901 adhibere
1001 2838 1116 2902 solent.

230 2967 374 3040 [137.
418 2955 1199 3049 ptewaroodpoe,arcuciusdegctus,caduceator.

100 3094 151 3160 Cl·
176 3093 296 3158 observ.
319 3092 360 3155 ad
383 3111 462 3155 vers.
485 3087 548 3153 131
579 3098 612 3150 et
631 3086 780 3170 Ducang.
808 3088 899 3149 Tom.
921 3086 940 3149 I
962 3108 1034 3173 pag.
1059 3085 1133 3152 861.
1154 3123 1200 3136 ·-

98 3205 218 3297 φθάνω
239 3213 381 3301 simplici
403 3206 617 3290 adveniendi,
641 3204 842 3274 occurrendi
870 3217 904 3269 et
926 3203 1119 3290 attingendi
1142 3228 1200 3272 no·

100 3341 190 3404 tione
213 3338 372 3401 citerioris
394 3334 580 3419 graecitatis
602 3341 661 3395 est.
707 3329 767 3396 Sic
781 3334 852 3414 jam
866 3325 1099 3414 Ptoohoprodr.
1114 3328 1202 3394 lib.I

100 3481 181 3526 vers.
206 3457 249 3524 13

251 3567 387 3659 ἔφθασα
407 3571 481 3660 πρὸς
501 3565 536 3638 τὸ
556 3567 695 3657 πέλαγος
716 3569 777 3636 τῶν
798 3560 1056 3653 εὐεργετημάτων.
1076 3605 1121 3619 -

101 3705 150 3771 De
173 3705 307 3770 nomine
325 3689 655 3783 'Epuooorgooxdloffi
683 3718 743 3780 quo
765 3695 909 3759 redditur
936 3693 1104 3786 archetypi
1128 3686 1202 3776 ’Epa

99 3821 297 3908 βασίχυτρος
317 3828 356 3889 cl.
377 3826 451 3888 adn·
475 3824 516 3888 ad
537 3843 628 3887 vera..
642 3820 695 3886 71.

233 3947 310 4015 aaa.
351 3940 424 4006 ’eoa
441 3940 507 4006 ’ov
527 3946 550 4009 a
572 3967 599 4010 ο.
623 3937 703 4004 leot
721 3924 804 4016 ἦτον.

235 4071 311 4137 139.
334 4060 431 4151 depol
449 4069 472 4132 i.
493 4089 522 4130 a.
543 4058 684 4146 ῥαβδίον,
705 4053 830 4143 ῥάβδος.
865 4091 910 4110 ···
942 4057 1120 4142 κρανῶντας
1141 4078 1202 4146 pro
1228 4063 1231 4069 ’

98 4194 300 4286 κρατοῦντας
326 4195 408 4262 ie.
434 4184 575 4272 κρατῶν,
595 4199 632 4255 ut
653 4182 940 4255 demonstravimus
961 4184 1003 4250 ad
1024 4204 1104 4250 vers.
1130 4177 1203 4246 106.
1289 4256 1292 4260 ,
