2684 4740
198 210 273 261 XXX

195 374 411 457 testimoniis
424 374 570 449 eruisse.
622 368 761 447 Omnes
779 369 945 444 nimirum
964 368 999 442 in
1015 367 1085 442 lroc
1100 380 1306 470 peccarunt,

198 512 296 615 quod
320 534 386 611 per
409 516 522 581 totam
544 503 683 578 Italiam
708 528 814 577 unam
847 503 1067 602 eandemque
1098 503 1306 602 pronuntia-

195 646 330 721 tionem
355 640 582 738 antiquorum
607 662 697 710 aevo
721 635 839 710 luisse
856 644 1037 737 putarunt.
1085 621 1161 710 Sed
1186 646 1230 710 ut
1245 636 1306 712 ho-

63 770 67 778 ’
197 777 255 851 die
280 774 382 848 aliter
411 770 550 860 Veneti,
575 768 677 843 aliter
701 767 909 858 Florentini,
934 767 1036 841 aliter
1057 765 1225 861 Romani,
1248 770 1305 845 ali·

195 916 253 983 ter
274 902 503 1005 Neapolitani
529 900 675 976 eosdem
701 926 810 975 sonos
837 900 1037 990 enuntiant,
1068 899 1119 974 ita
1142 926 1219 975 non
1244 906 1304 977 mi·

195 1064 319 1113 norem
351 1027 613 1111 dissensionem
637 1043 800 1109 veterum
831 1043 947 1108 aetate
977 1031 1089 1107 luisse
1119 1035 1303 1133 probabile

100 1247 106 1257 ,
195 1179 262 1249 est
311 1168 411 1245 Nihil
445 1166 517 1243 tale
553 1167 648 1269 apud
683 1167 854 1243 Graecos.
908 1165 1052 1241 Etenim
1087 1192 1154 1265 per
1189 1176 1302 1244 totam

197 1301 383 1379 Graeciam
407 1326 478 1372 una
505 1301 733 1398 omniumque
758 1299 955 1374 eommunis
978 1298 1224 1399 pronuntiatio
1245 1329 1302 1404 pa·

194 1443 265 1523 tet,
292 1456 506 1532 quamquam
535 1430 654 1508 variae
684 1444 770 1508 sunt
800 1430 941 1504 dialecti
970 1455 1044 1502 non
1075 1430 1193 1506 minus
1228 1434 1302 1534 qui·

194 1563 345 1639 busdam
368 1562 407 1637 in
431 1562 538 1637 rebus
565 1561 742 1651 diversae,
767 1589 874 1662 quam
899 1562 1124 1661 antiquorum
1151 1562 1300 1642 dialecti.

192 1694 298 1779 Alter
323 1720 423 1768 error
448 1704 515 1785 est,
540 1692 648 1795 quod,
676 1694 843 1795 quoniam
867 1694 1021 1768 Romani
1050 1674 1159 1770 variis
1185 1700 1299 1775 modis

193 1827 415 1905 Graecorum
440 1851 549 1901 sonos
575 1851 641 1900 sua
664 1824 782 1942 lingua
800 1826 1010 1926 exprimunt,
1028 1825 1072 1898 ad
1089 1827 1300 1913 stabilienda

190 1955 446 2062 pronuntiandi
470 1967 660 2060 praecepta
684 1957 956 2033 usitatissimum
981 1984 1106 2059 graeca
1129 1964 1300 2039 vocabula

191 2088 367 2169 reddendi
390 2088 534 2165 modum
560 2089 783 2191 sequendum
810 2076 892 2166 esse
915 2089 983 2168 viri
1008 2088 1105 2165 docti
1123 2092 1298 2173 dixerunt

190 2224 244 2303 At
261 2222 416 2300 Romani
432 2222 567 2324 pariter
591 2233 700 2324 atque
725 2224 856 2301 Graeci
873 2248 981 2301 voces
999 2224 1203 2324 peregrinas
1220 2254 1299 2302 mu-

190 2356 282 2433 tuati
306 2353 413 2429 modo
437 2353 476 2428 id
500 2354 703 2446 studebant,
727 2367 777 2447 ut,
802 2383 909 2456 quem
927 2355 1299 2472 audiverantlsonum

189 2486 393 2579 redderent,
417 2485 526 2560 modo
550 2496 591 2561 ut
614 2513 741 2564 vocem
763 2497 872 2589 prout
894 2487 1036 2588 linguae
1061 2513 1144 2565 suae
1167 2500 1299 2568 natura

189 2619 343 2710 ferebat,
383 2616 525 2720 paulum
567 2629 704 2695 mutato
752 2604 842 2696 sono
886 2619 1063 2696 efferrent.
1142 2622 1296 2725 Saepius

187 2779 275 2833 vero
286 2750 515 2857 peregrinum
532 2776 661 2831 sonum
681 2753 850 2845 vitabant,
874 2782 982 2854 quam
999 2754 1238 2849 imitabantur,
1255 2786 1294 2834 ac

187 2911 275 2963 suae
298 2884 440 2985 linguae
463 2887 673 2986 peregrinae
697 2888 815 2987 gentis
839 2914 948 2965 voces
971 2889 1293 2968 accommodabant

184 3014 276 3093 Inde
300 3014 351 3105 fit,
374 3023 416 3088 ut
440 3014 671 3092 usitatissima
696 3043 844 3119 graecos
870 3046 979 3097 sonos
995 3020 1104 3097 latine
1120 3020 1292 3100 reddendi

185 3148 288 3240 ratio,
314 3171 386 3249 quo
411 3146 523 3250 magis
541 3146 650 3222 latina
668 3160 734 3243 est,
753 3153 929 3230 eominus
947 3181 1013 3256 pro
1029 3181 1153 3230 norma
1173 3157 1290 3258 graeci

185 3281 436 3386 pronuntiatus
462 3279 585 3355 haberi
611 3294 737 3382 queat..
786 3284 872 3361 Duo
903 3287 1064 3389 exempla
1093 3314 1291 3390 proponam
1332 3260 1334 3313 ἔ

184 3415 440 3491 elementorum
463 3418 494 3514 β
518 3421 556 3487 et
578 3445 614 3517 η.
670 3415 834 3517 Quorum
862 3416 954 3517 'illud
983 3445 1108 3519 saepe,
1139 3428 1180 3492 ut
1209 3447 1292 3519 pro·

183 3543 340 3621 nuntiari
363 3543 480 3634 debet,
504 3543 622 3623 littera
646 3578 671 3628 v
701 3548 918 3654 exprimitur,
941 3548 1042 3625 velut
1069 3549 1109 3623 in
1138 3550 1221 3624 oioo
1254 3564 1293 3629 et

182 3658 378 3775 oito,‘quae
403 3691 552 3780 cognata
577 3692 663 3758 sunt
688 3709 769 3757 eum
793 3681 930 3778 graecis
955 3678 1136 3757 vocabulis
1152 3674 1234 3776 βίος
1253 3696 1292 3761 et

182 3806 285 3910 βιὸω.
340 3806 402 3883 Sic
428 3838 573 3913 quoque
596 3812 718 3886 Latini
741 3836 829 3885 ooro
854 3808 978 3883 dicunt
1003 3819 1040 3883 et
1063 3810 1165 3898 volo,
1198 3840 1290 3912 quo.

60 4043 63 4049 ·
134 3918 144 3929 ⁴
180 3966 260 4017 rum
283 3941 383 4040 prius
408 3946 557 4019 verbum
580 3951 622 4015 ut
646 3965 748 4033 sono,
771 3941 822 4016 ita
847 3950 884 4014 et
907 3939 1108 4042 significatu
1131 3947 1288 4027 concinit
1324 4048 1327 4053 Ι

127 4166 128 4169 ¹
180 4098 263 4159 cum
287 4074 425 4175 graecis
447 4070 577 4174 βορός,
605 4069 721 4172 βορά,
752 4072 970 4176 βιβρῶσκω,
995 4078 1177 4178 posterius
1203 4106 1284 4156 cum

178 4203 379 4307 βούλομαι
400 4204 479 4284 sive
501 4202 679 4305 palaea.
728 4206 871 4312 Quodsi
894 4215 924 4310 β
947 4209 1054 4316 vulgo
1079 4212 1284 4294 enuntiatur
