2684 4740
184 246 297 299 mut

186 414 366 517 scriptam,
391 413 428 487 in
452 410 601 515 gratiam
630 410 797 485 Darninai
826 437 846 484 a
879 411 979 487 Goes
1009 408 1181 511 Hispani,
1211 386 1296 513 pro

185 547 420 627 nuntiationis
444 543 639 635 formulam,
664 545 701 617 in
726 542 823 618 nullo
849 542 1027 619 diversam
1052 544 1096 617 ab
1131 571 1193 634 ea,
1228 574 1296 645 qua

187 681 323 785 passim
348 678 446 754 docti
471 687 509 753 et
533 677 668 751 indocti
692 678 731 750 in
754 676 822 751 bac
850 676 970 778 lingua
1001 676 1187 751 utuntur.'’
1240 678 1297 753 En

186 840 257 889 nec
279 812 360 914 ipse
382 810 557 886 Erasmus
583 834 649 884 suo
668 808 809 911 dialogo
828 810 935 884 fidem
952 809 1085 900 habuit,
1104 809 1186 909 quis
1213 837 1297 912 ergo

189 947 283 1023 illam
309 972 330 1018 a
353 943 459 1018 nobis
484 941 706 1041 requirerem
755 941 921 1017 Eundem
941 941 1118 1017 Graecum
1146 943 1299 1017 sonandi
1333 982 1336 1055 ς

188 1078 335 1155 modum
360 1084 567 1151 constanter
589 1075 783 1151 retinuisse
809 1101 955 1149 cernere
981 1085 1083 1150 este
1109 1073 1298 1176 colloquiis
1334 1064 1336 1069 ⁵

187 1208 429 1300 familiaribus,
452 1206 513 1282 illo
537 1208 758 1308 praesertim,
791 1206 890 1308 quod
913 1206 1016 1282 Eeho
1041 1234 1174 1282 nonren
1198 1236 1300 1309 prae·

189 1342 270 1433 lert,
303 1341 367 1417 ubi
389 1339 471 1418 voci
496 1337 706 1414 cruditionis
732 1341 929 1440 respondet
956 1339 1059 1415 Echo
1086 1331 1188 1430 ὄνοις
1213 1341 1299 1443 Epi-

190 1475 293 1577 scopi
316 1471 442 1564 κόποι,
468 1469 606 1545 ariolari
632 1469 758 1570 λάροι,
784 1469 955 1572 astrologi
979 1469 1089 1575 λόγοι
1114 1472 1299 1549 Gramina-

189 1607 254 1683 tici
278 1608 374 1709 εἰκῆ,
403 1601 557 1679 famelici
580 1599 704 1679 λύκοι.
760 1603 866 1704 Quae
898 1604 1015 1678 omnia
1046 1629 1126 1678 eum
1159 1605 1298 1682 Graeca

189 1735 480 1841 pronuntiatione
504 1733 550 1807 ad
575 1734 745 1807 amussim
771 1737 1004 1827 conveniunt,
1030 1746 1086 1827 et,
1116 1737 1148 1811 si
1174 1739 1300 1817 scivis-

190 1881 250 1947 set
273 1893 437 1955 erronea,
463 1865 541 1939 sine
566 1865 675 1939 dubio
705 1867 743 1939 in
776 1865 992 1944 editionibus
1025 1870 1299 1970 posterioribus,

189 2012 233 2079 ut
256 2001 527 2101 corrigerentur,
553 2023 698 2098 operam
723 1999 894 2078 dedisset.
942 1999 1018 2076 Sed
1046 2001 1136 2076 nihil
1168 2005 1298 2081 mirans.

189 2133 276 2211 Non
300 2130 416 2209 solum
440 2130 519 2232 ipse
537 2130 647 2231 priori
664 2132 793 2206 rationi
809 2132 959 2207 firmiter
976 2132 1147 2226 adhaesit,
1172 2164 1296 2213 verum

190 2277 233 2343 ut
255 2266 300 2341 ab
324 2263 402 2339 aliis
428 2289 514 2338 suae
538 2263 622 2337 fidei
648 2264 794 2340 creditis
817 2263 1072 2359 addisceretur,
1097 2270 1193 2342 omni
1210 2296 1293 2344 cura

190 2396 407 2501 providit’''’
425 2395 524 2469 Haec
536 2394 783 2470 Wetstenius.
803 2397 1051 2499 Quaecunque
1064 2401 1298 2501 postErasmi

189 2538 342 2604 mortem
365 2526 411 2600 ad
436 2523 694 2600 defendendam
724 2526 819 2603 lianc
848 2533 1124 2608 commentitiam
1151 2531 1297 2634 linguae

190 2686 338 2765 graecae
363 2658 687 2762 pronuntiationem
706 2661 826 2738 aviris
844 2663 960 2741 doctis
980 2668 1178 2768 excogitata
1196 2678 1294 2760 sunt,

188 2821 312 2899 parum
338 2792 508 2895 ponderis
533 2792 665 2868 habere
690 2807 862 2895 possunt,
887 2799 1055 2900 quoniam
1087 2825 1210 2875 omnes
1243 2801 1296 2873 in-

189 2926 442 3003 consideratius
469 2951 575 3022 quam
600 2928 738 2999 cautius
762 2926 855 3001 hanc
880 2956 1024 3005 causam
1049 2941 1209 3034 egerunt.
1240 2935 1294 3008 Ac

188 3057 343 3161 primum
369 3053 513 3155 quidem
529 3052 672 3128 Erasmi
698 3054 905 3132 defensores
922 3087 968 3134 ue
988 3062 1025 3134 id
1049 3063 1192 3163 quidem
1209 3089 1294 3166 ope·

186 3216 265 3267 ram
296 3186 484 3278 dederant,
514 3176 567 3261 ut¹
584 3187 728 3287 penitus
759 3187 939 3265 discerent
969 3191 1187 3273 Graecorum
1213 3224 1296 3296 pro·

187 3321 456 3410 nuntiationem,
483 3343 598 3419 maur,
623 3329 665 3392 ut
687 3331 813 3395 notum
838 3333 904 3413 est,
925 3350 944 3397 a
963 3296 1077 3425 primo
1094 3328 1295 3403 litterarum

187 3456 406 3535 Graecarum
430 3423 467 3524 in
493 3449 684 3525 Germania
714 3452 863 3530 doctore
894 3455 1095 3532 Reuchlino
1124 3459 1296 3537 Reuclrli-

186 3585 330 3661 umnam
352 3580 459 3683 vulgo
483 3606 663 3659 vocamus.
719 3585 804 3684 Quo
829 3589 953 3682 fiebat,
977 3601 1019 3665 ut
1042 3592 1297 3690 impugnarent

104 3754 107 3759 ·
187 3714 287 3819 quod
309 3714 530 3817 ignorabant,
555 3724 596 3789 ut
619 3727 780 3792 veterum
806 3720 853 3795 de
876 3720 1164 3823 pronuntiatione
1189 3724 1295 3798 testi-

185 3850 304 3927 monia
328 3872 402 3921 non
425 3846 674 3950 intelligerent,
698 3859 740 3923 ut
763 3849 809 3925 de
825 3850 1116 3953 inscriptionibus
1134 3854 1293 3954 antiquis

185 3979 277 4055 fauo
300 3980 508 4078 judicarent,
531 3989 574 4055 ut
597 4006 707 4082 quum
736 4007 920 4082 nunquam
949 3983 1113 4062 homines
1144 3989 1292 4067 natione

185 4110 347 4191 Graecos
360 4110 498 4189 Graeca
511 4114 620 4188 verba
643 4116 915 4214 pronuntiantes
937 4115 1168 4211 audivissent,
1182 4122 1289 4199 talem

184 4244 362 4351 lingerent
384 4244 604 4325 Graecorum
628 4249 964 4349 pronuntiationem,
990 4252 1104 4353 qualis
1129 4280 1197 4330 nec
1223 4268 1291 4349 est,
