2684 4740
1160 187 1226 260 127

117 374 265 460 στέρους)
287 378 353 442 alio
375 374 521 462 epitheto
549 374 777 463 explicationis
805 397 901 442 causa
930 378 1039 443 addito
1059 376 1227 446 derrantes

118 503 274 590 appellat.
320 500 371 562 Ex
394 498 456 562 hoc
478 498 649 580 multisque
677 499 753 563 aliis
775 500 932 587 exemplis
963 484 1088 565 ostendi
1109 513 1226 589 potest,

118 623 317 707 Hesychinm
339 624 411 685 sine
437 621 628 684 recentioris
650 620 782 705 linguae
813 642 950 705 graecae
973 645 1033 711 ope
1056 645 1076 688 a
1097 625 1227 688 nemine

118 747 329 837 probabiliter
351 745 515 808 emendari
536 764 640 830 posse.

251 868 295 931 V.
319 867 391 932 321.
435 856 565 953 ἀδύνατ’
595 852 676 926 εἶναι
704 851 738 924 rei
758 858 882 947 ’καμαν
903 890 934 928 κ.
957 885 982 928 r.
1004 870 1031 928 λ.
1053 870 1073 931 i.
1096 891 1123 932 e.
1148 862 1226 933 oieb.

118 1012 216 1052 ναιον
237 979 318 1050 εἶναι
338 982 382 1060 vei
407 980 595 1070 λησμοιιήσω
618 983 728 1063 ἐκεῖνο,
750 978 785 1048 τὸ
814 981 919 1049 ὁποῖοι)
947 975 1074 1068 inceptae
1099 987 1143 1063 εἰς
1170 988 1229 1074 ἐμέ

107 1111 200 1202 fieri
221 1133 287 1176 non
306 1121 431 1198 potest,
453 1121 500 1186 nt,
523 1109 615 1194 qrrod
626 1107 792 1198 secerrmt
814 1108 849 1174 in
872 1131 934 1191 me,
957 1107 1151 1176 obliviscor.
1184 1114 1225 1179 ln

119 1237 175 1300 his
197 1237 301 1298 verbis
323 1234 470 1313 λησμοιιῶ
492 1235 654 1296 citerioris
677 1235 861 1317 graecitatis
889 1235 1078 1298 vocabulum
1107 1250 1157 1301 est
1183 1259 1225 1301 ex

119 1358 292 1420 notissimo
315 1357 518 1435 antiquorum
542 1355 699 1439 adjectivo
721 1346 850 1436 λήσμων
873 1359 1052 1422 formatum.
1096 1359 1226 1426 Etenim

108 1474 342 1543 ¹obliviscendi
363 1478 454 1541 notio
475 1497 561 1563 nunc
583 1498 710 1564 semper
732 1481 796 1542 ista
818 1500 893 1543 rore
914 1482 1121 1566 exprimitur,
1145 1503 1226 1564 quae

117 1605 154 1666 in
177 1601 282 1664 locum
303 1595 359 1659 rofi
380 1588 605 1670 λαυὲάνεσξιαι
628 1601 761 1666 suffecta
783 1613 848 1682 est,
871 1604 1027 1684 siquidem
1056 1605 1140 1691 apud
1167 1625 1226 1670 no·

118 1725 181 1788 stri
203 1723 357 1807 temporis
381 1721 521 1783 Graecos
543 1720 629 1783 nilril
650 1734 759 1801 sonat,
786 1714 992 1804 λανᾷάιιομαι
1020 1727 1086 1789 nisi
1107 1747 1224 1813 pecca,

118 1865 196 1912 erro
220 1857 253 1908 et
265 1839 398 1931 fallor.
1200 1923 1203 1931 Ι

249 1965 292 2027 V.
316 1962 390 2030 322.
436 1952 509 2076 ²¹¹⁸&
537 1982 596 2050 per
624 1964 787 2045 synizcsin
818 1977 850 2026 et
871 1985 1034 2053 apocopen
1057 1987 1116 2052 pro
1136 1959 1224 2047 μίαν.

116 2121 163 2142 -
189 2074 324 2168 ἔφησαν
350 2108 416 2152 aor.
452 2089 516 2153 intl·
545 2098 607 2150 act.
635 2086 723 2150 verbi
752 2075 855 2161 ‹lquoo
883 2107 924 2149 ex
952 2087 1082 2169 antiquo
1112 2081 1225 2171 ἀφίημι

105 2197 258 2279 turmali.
282 2245 326 2257 -
348 2201 390 2271 rb
407 2200 542 2291 ’μμάιια
563 2209 705 2296 explicui
727 2208 768 2270 ad
790 2228 873 2271 vers.
895 2205 968 2272 128.

250 2332 293 2395 V.
307 2330 393 2423 323.
438 2320 578 2413 πόλεμου
599 2332 694 2394 metri
717 2351 815 2395 causa
842 2351 901 2418 pro
929 2326 1077 2412 πολέμου.
1107 2366 1151 2379 -
1179 2325 1225 2413 ἔρ.

117 2447 295 2546 χοῦμουυα,
310 2458 413 2520 torma
433 2456 557 2543 plebeJe
578 2475 638 2540 pro
666 2443 809 2535 ἠρχόμην
837 2450 1023 2519 veniebam.
1051 2490 1096 2503 -
1122 2440 1225 2535 ι’ίιιουν

118 2578 284 2665 explebis
308 2579 537 2654 consuetudine
558 2597 618 2660 pro
640 2563 722 2653 ἤμην
744 2578 764 2637 i.
782 2599 808 2639 e.
831 2563 870 2649 ἦν
891 2597 996 2640 eram.
1020 2614 1065 2625 —
1086 2585 1223 2638 Κοπιασ-

117 2693 197 2782 μένη
220 2710 304 2786 part.
327 2699 405 2783 peri.
429 2717 514 2780 pass.
538 2695 627 2757 verbi
653 2684 792 2765 κοπιάξω
823 2697 941 2759 omissa
968 2698 1222 2783 reduplicationc

117 2843 178 2911 pro
205 2810 437 2896 κεκοπιασμένη
467 2817 488 2877 i.
512 2836 539 2878 e.
558 2809 750 2900 fatigata,
778 2809 927 2899 defessa.
979 2817 1028 2880 Cf.
1051 2818 1160 2883 adnot·
1182 2820 1224 2886 ad

117 2963 202 3007 vers.
224 2938 299 3005 305.

252 3061 294 3124 V.
319 3057 393 3126 324.
438 3049 597 3137 ἑδεήῂηκα
623 3058 712 3145 vulgi
741 3082 830 3125 more
858 3083 916 3149 pro
945 3053 1085 3140 ἐδεήθην.
1108 3099 1151 3111 -
1174 3055 1223 3145 ὀρ.

118 3178 264 3271 γισμέυοι
289 3195 373 3270 part·
395 3185 474 3271 pers.
497 3202 583 3269 pase.
605 3183 694 3252 verbi
716 3175 830 3265 ὄργι’ζω
853 3163 911 3270 pro
934 3175 1138 3266 ὠργισμένοι,
1165 3188 1222 3253 sed

118 3311 215 3392 longe
238 3307 313 3383 alio,
338 3326 432 3387 quam
453 3307 489 3369 in
511 3305 645 3385 antiqua
666 3303 778 3390 lingue
800 3304 996 3390 significatu.
1047 3305 1107 3371 Est
1135 3311 1221 3380 errim

118 3423 305 3512 ὀργισμένος
328 3426 360 3490 lr.
383 3427 641 3505 1.‚exsecratus,
663 3423 897 3491 exsecrabilis.
1212 3496 1215 3506 ,

249 3549 292 3612 V.
316 3547 391 3613 325.
415 3540 622 3623 ,Ὃλιῃιυκιῆς
644 3538 827 3613 adverbium
854 3560 903 3613 est
925 3549 1130 3633 significans:
1156 3570 1221 3636 per·

117 3683 228 3740 lolam
250 3678 389 3735 noctem.
436 3669 573 3734 Constat
595 3682 700 3733 autem
722 3669 802 3736 haec
824 3672 922 3735 dictio
945 3693 987 3734 cx
1008 3673 1072 3756 edj.
1096 3661 1167 3744 iiior
1188 3686 1221 3739 et

117 3796 298 3861 recentiore
319 3813 396 3856 voce
418 3780 528 3867 otiare
551 3813 631 3874 quae
646 3795 784 3879 primam
801 3794 1049 3859 declinationem
1067 3797 1219 3876 sequitur.

116 3917 195 3982 Vid.
218 3918 339 3980 observ.
360 3914 402 3989 ad
424 3933 505 3977 vers.
529 3911 589 4000 28.
628 3913 790 3978 Similiter
816 3915 907 4001 plebs
935 3937 1023 3981 nunc
1049 3919 1133 3981 dicit·
1150 3911 1219 3994 ὅλη.

114 4036 211 4123 respiro
233 4048 266 4101 et
286 4030 454 4117 ὁλημερνῆς
471 4054 536 4122 per
556 4043 663 4099 totum
685 4033 782 4102 dr'em.
822 4072 866 4085 -
903 4029 1070 4117 ἕφώυαζαν
1090 4041 1219 4126 Imperi.

116 4174 180 4232 act.
202 4159 291 4226 verbi
311 4159 427 4228 novitii
447 4149 593 4241 φωνᾶζω,
614 4177 675 4249 pro
697 4180 759 4248 quo
780 4150 907 4247 antiqui
927 4153 1038 4242 φωνέω
1060 4162 1220 4228 dixerunt.
