2684 4740
1166 188 1234 260 tta

125 380 221 446 nobis
244 380 307 444 crit
331 398 528 466 persuasum,
551 377 614 442 hac
635 389 727 465 parte
749 380 832 467 apud
855 390 976 444 veteres
1005 382 1159 445 aoristnm
1188 386 1229 447 ad

126 503 289 587 quendam
300 494 728 588 imperfectisimilitudin'em
742 506 923 567 accessisse.
943 504 1040 571 Licet
1054 504 1142 566 enim
1155 526 1227 567 oon·

125 628 228 692 traria
248 628 316 689 sint
338 626 556 711 imperfectum
578 637 611 689 et
632 627 782 706 doristus,
801 648 894 708 quum
907 626 986 690 illud
1000 628 1034 690 in
1047 647 1081 690 re
1097 629 1226 707 insecta,

123 750 288 829 inchoata,
313 750 448 812 durante
471 749 522 812 rel
544 751 672 835 saepius
695 751 870 827 eveniente,
894 750 948 813 hic
971 752 1006 812 in
1028 770 1063 813 re
1085 752 1172 813 iacta
1193 762 1226 813 et

122 874 284 952 absoluta,
313 873 413 935 semei
440 885 471 935 et
498 871 650 935 velociter
679 884 845 935 transacta
872 883 1030 953 versetur;
1059 884 1167 934 tamen
1190 875 1225 934 in

119 994 186 1060 hoc
219 997 345 1082 poetico
374 1018 448 1075 usu,
486 1016 579 1077 quem
613 997 729 1056 srnnmi
758 996 855 1057 etiarn
884 995 1041 1079 pedestris
1070 996 1225 1058 orationis

119 1121 302 1206 scriptores
325 1120 361 1181 in
381 1119 491 1181 multis
515 1119 664 1199 loquendi
687 1118 857 1199 generibus
886 1129 1080 1199 agnoscunt,
1109 1119 1225 1181 utrius·

118 1264 185 1323 que
215 1243 367 1325 temporis
402 1240 556 1320 quaedam
585 1240 745 1323 reperitur
779 1238 1005 1319 congruentia,
1037 1260 1227 1320 quamquam

116 1383 206 1445 qnae
228 1363 379 1445 adjuncta
400 1374 450 1425 est
472 1362 652 1440 diversitas,
677 1362 810 1423 obscura
832 1381 903 1423 esse
925 1362 1046 1441 nequit.
1096 1362 1226 1427 Etenim

115 1488 150 1550 si
174 1497 327 1547 consueta
349 1506 387 1548 ao
409 1485 566 1547 solemnia
588 1460 636 1547 sic
658 1504 881 1561 memoramus,
898 1495 933 1547 ut
955 1505 992 1546 ea
1009 1484 1072 1547 soli
1088 1488 1225 1572 tempori

117 1619 252 1697 peracto
280 1606 491 1688 ascribamus,
521 1608 663 1691 gentium
690 1606 787 1668 simul
814 1606 865 1670 vel
892 1606 1094 1691 singulorum
1122 1608 1223 1672 homi·
1272 1666 1275 1673 .

118 1753 199 1797 num
222 1731 277 1811 qni
299 1730 374 1809 qnid
397 1730 502 1791 facere
524 1729 680 1807 solebant,
703 1730 866 1791 mentione
885 1730 1015 1812 injecta,
1038 1732 1224 1817 imperfecto

120 1856 213 1919 leons
236 1851 432 1930 conceditur,
456 1851 575 1912 aoristo
598 1862 715 1930 autem,
739 1851 778 1930 si,
802 1850 884 1929 qnod
907 1850 1049 1913 solemne
1071 1864 1104 1915 et
1127 1854 1224 1916 usita-

119 1992 190 2043 tum
218 1974 433 2062 appellamus,
461 1992 528 2036 non
555 1975 749 2058 praeteritae
778 1983 903 2033 tantum
932 1976 1030 2036 aetati
1056 1974 1225 2060 proprium

121 2101 265 2178 videtur,
295 2096 352 2161 scd
376 2097 480 2158 omnis
503 2108 552 2158 est
577 2096 648 2158 aeri
679 2095 882 2174 omniumque
910 2095 1109 2158 saeculorum
1139 2114 1236 2159 eom:

120 2243 227 2287 mune.
284 2220 363 2282 lude
400 2220 618 2299 consequitur,
652 2230 687 2280 ut
719 2218 748 2280 si
783 2215 868 2280 hano
901 2216 1004 2280 solam
1037 2219 1224 2303 respicimus

121 2348 286 2427 utriusque
308 2342 462 2428 temporis
484 2342 558 2416 vim,
580 2360 744 2422 nunquam
766 2341 985 2427 imperfectum
1006 2322 1147 2422 quadret,
1170 2343 1225 2404 ubi

120 2469 262 2535 aoristus
290 2466 545 2529 accommodatus
574 2464 633 2545 sit,
664 2484 765 2546 neque
792 2465 931 2528 aoristus
958 2484 1017 2551 pro
1040 2465 1224 2552 imperfecto

122 2593 202 2680 poni
224 2591 334 2677 possit.
379 2589 454 2651 Jam
487 2591 517 2649 si
551 2587 686 2650 alterurn
719 2588 835 2649 aoristi
866 2608 959 2648 usum
991 2590 1223 2668 examinamus,

121 2714 191 2795 ille,
208 2724 244 2776 ut
258 2734 277 2775 c
291 2711 552 2799 praecedentibus
575 2722 673 2795 patet,
691 2729 758 2770 non
780 2709 885 2769 minus
908 2709 1034 2791 ineptit,
1058 2711 1121 2789 qui,
1145 2730 1225 2790 quac

121 2837 246 2902 euristo
268 2846 451 2913 narrentur,
476 2854 514 2895 ea
536 2844 625 2919 putet
647 2851 714 2892 non
737 2840 860 2891 mutata
882 2830 1015 2892 notione
1038 2830 1224 2917 imperfecto

123 2960 193 3024 dici
222 2978 323 3045 posse.
372 2957 459 3019 Nam
481 2967 602 3018 mutato
624 2966 768 3041 tompore
790 2952 988 3037 significatio
1011 2974 1132 3037 qnoque
1160 2976 1226 3019 mu·

121 3094 222 3148 tatur.
272 3080 383 3162 Neque
412 3098 486 3143 vero
514 3081 674 3142 recentior
697 3078 809 3161 lingua
833 3079 1003 3159 quidquam
1026 3080 1061 3140 in
1084 3078 1226 3162 singulo-

122 3224 197 3271 rum
218 3215 400 3289 temporum
422 3200 610 3285 significatu
633 3202 773 3281 novavit,
796 3201 862 3263 nisi
885 3201 969 3281 quod
992 3200 1046 3280 qui
1068 3202 1128 3261 snit
1150 3200 1228 3266 oiim

122 3328 260 3417 perfecti
281 3345 412 3403 sensns,
440 3326 469 3386 is
492 3345 616 3405 exque
639 3323 721 3386 illud
743 3335 866 3409 tempus
890 3324 925 3385 in
947 3342 1007 3384 nsu
1029 3343 1098 3383 esse
1121 3322 1228 3402 desiit,

124 3451 265 3515 coeteris
288 3447 404 3512 coristi
426 3445 718 3529 significationibus
747 3447 874 3525 additus
904 3456 964 3507 est·
1014 3443 1103 3520 Quin
1131 3446 1229 3509 etiam

123 3574 323 3639 recentiores
352 3569 470 3632 Graeci
498 3571 602 3631 verbis
634 3570 835 3649 quibusdam,
860 3587 992 3649 quornm
1014 3566 1122 3651 nullus
1145 3569 1230 3653 apud

124 3698 276 3777 antiquos
299 3704 406 3757 exstat
429 3693 578 3771 aoristus,
602 3690 665 3755 hoc
687 3704 810 3777 tempus
838 3701 874 3751 ut
895 3689 986 3753 valde
1014 3694 1230 3756 necessarium

123 3820 324 3905 adjecerunt,
347 3837 389 3879 nc
412 3817 631 3901 imperfectum
653 3814 782 3899 duplex,
806 3812 1058 3898 ipsius-scilicet
1086 3828 1118 3879 et
1146 3817 1228 3879 aori·

124 3945 170 4008 sti
193 3962 308 4006 munus
331 3940 514 4004 sustineret.
558 3936 663 4021 HuJ'us
686 3939 814 4021 generis
837 3949 885 3999 ost
908 3940 1037 4001 verbum
1059 3940 1251 4025 substanti·¹

112 4087 212 4148 anm,
236 4064 327 4151 enjus
348 4064 567 4149 imperfectum
590 4047 672 4141 ἤμην
694 4062 792 4148 proim
816 4060 1023 4151 distipguitur
1044 4065 1083 4125 ab
1106 4063 1229 4126 aoristo
