2684 4740
200 217 226 265 X

201 384 316 461 Porro
340 392 448 484 prout
470 390 612 482 tempus
644 348 818 481 cujusque
850 391 887 455 et
908 382 1053 456 occasio
1077 381 1165 472 lert,
1190 406 1313 484 prom-

201 527 274 593 tam
307 515 414 590 etiam
447 541 512 614 par
542 522 601 587 est
631 513 812 588 scribendi
837 513 1078 613 loquendique
1103 515 1310 590 facultatem

201 646 347 748 acquiri,
395 645 516 746 Quam
543 646 604 744 qui
629 656 754 720 nactus
781 656 852 734 est,
879 646 910 720 is
935 646 1152 746 praeclarum
1178 646 1224 719 ad
1250 676 1310 723 ve-

178 790 320 876 ¹terum
354 777 622 878 intelligentiam
659 778 935 852 instrumentum
976 778 1045 851 sibi
1080 781 1309 878 comparavit.

201 911 313 1012 Quod
337 909 445 984 nolim
472 910 525 984 sic
550 909 673 1008 accipi,
698 920 739 983 ut
764 935 886 983 omnes
909 908 1126 984 Graecorum
1152 911 1219 984 viri
1245 911 1310 986 do-

176 1043 252 1141 ‘cri
275 1052 312 1116 et
336 1041 368 1116 si
394 1041 457 1140 qui
481 1041 551 1117 illis
579 1040 777 1115 eruditione
802 1067 907 1141 pares
934 1052 1018 1115 sunt
1042 1043 1262 1142 alienigenae
1288 1073 1307 1117 a

196 1167 475 1274 quovis'errorc
500 1172 537 1244 iu
563 1171 797 1247 dilucidandis
820 1173 1047 1272 antiquorum
1066 1177 1162 1248 libris
1181 1173 1307 1250 immu-

198 1330 264 1380 nes
290 1302 553 1404 perhibe'antun
577 1303 615 1377 id
642 1305 739 1403 quod
761 1305 819 1381 vel
834 1307 1017 1381 numerosi
1034 1305 1306 1383 sclroliastarum

194 1461 341 1511 errores
364 1425 600 1535 'redarguunt
636 1435 701 1511 sed
739 1436 808 1510 lroc
826 1437 941 1526 uico,
977 1437 1009 1510 si
1046 1439 1126 1536 quis
1161 1452 1306 1536 praeter

190 1569 299 1658 hanc,-
325 1568 370 1645 dc
397 1595 469 1666 qua:
491 1566 631 1642 locutus
657 1594 754 1658 sum,
778 1569 919 1669 linguae
951 1595 1098 1668 graecae
1131 1575 1306 1671 cognitio-

196 1727 277 1774 nem
305 1699 494 1800 perspicax
516 1692 626 1772 hahet
644 1701 824 1800 ingenium
838 1727 957 1799 neque
982 1701 1182 1775 studiorum
1207 1705 1306 1780 labo-

191 1844 255 1907 r'es
279 1831 394 1930 fugin.
413 1829 482 1903 hoc
514 1830 695 1904 meliorem
728 1829 950 1928 antiquitatis
984 1857 1132 1930 graecae
1164 1837 1304 1912 antisti-

194 1975 267 2041 tum
293 1973 330 2037 et
354 1962 597 2038 restitutorem
622 1961 712 2062 fingi.
731 1987 804 2035 non
829 1986 946 2064 posse.
983 1961 1118 2037 Verum
1138 1992 1185 2038 ne
1206 1968 1303 2043 com-

194 2094 362 2173 mendare
387 2093 509 2170 videar
533 2093 703 2195 linguam,
729 2096 829 2192 cujus
863 2106 1025 2169 naturam
1050 2097 1299 2200 rationemque

192 2229 351 2309 nondum
374 2224 642 2314 illustraverimr
659 2225 765 2300 liceat
789 2225 887 2316 mihi,
914 2237 1085 2325 quantum
1111 2230 1297 2330 praelatio—

191 2357 460 2460 nis-angustiae
484 2358 677 2456 patiuntur,
703 2357 820 2457 graeci
845 2360 1020 2434 sermonis
1046 2359 1235 2437 historiam·
1251 2362 1296 2436 ab

193 2519 236 2596 uo
251 2502 435 2590 tempore,
451 2500 534 2592 quo
560 2488 740 2588 corrumpi
765 2489 900 2589 coepit,
927 2491 1112 2592 usquead
1136 2503 1299 2574 nostram

162 2632 343 2699 ‘aetatem
378 2620 535 2699 breuiter
570 2630 764 2698 contexere
799 2648 839 2695 ea
874 2634 1018 2714 memet
1040 2634 1081 2698 ut
1102 2652 1209 2724 ‚quae
1247 2621 1307 2703 sit

189 2757 289 2857 origo
314 2753 453 2854 linguae
478 2752 812 2856 graecaevnlgaris
831 2767 954 2856 aperte
970 2754 1167 2834 declarem.-

223 2928 226 2933 ·
310 2886 509 2984 Postquam
516 2885 646 2960 Graeci
660 2886 790 2961 amissa
800 2886 964 2963 libertate
977 2889 1044 2963 sub
1050 2887 1295 2965 Macedonum

187 3016 1295 3118 imperiumredactisuntacciditsubidentemp'us,utvicto-

186 3151 249 3225 ris':
263 3148 571 3257 populi,:potentia
597 3159 634 3224 et
659 3152 764 3243 armis
788 3158 1078 3251 graecusse'rmo
1111 3151 1156 3227 ad
1180 3152 1293 3229 Asiae

186 3282 321 3357 incolas
338 3282 453 3356 :etiarn
473 3291 554 3357 ‚tum
586 3281 782 3359 litterarum
807 3305 1012 3381 graecarum
1041 3280 1147 3382 plane
1179 3259 1291 3362 rudes

185 3414 399 3515 perveniret.
452 3411 566 3512 ,Quae
591 3441 649 3491 1es
675 3415 759 3493 licet
783 3410 1011 3489 saluberrima
1036 3415 1144 3492 fuerit
1169 3417 1212 3491 acl
1238 3419 1293 3492 in-

111 3605 114 3613 .
185 3545 298 3621 cultas
322 3545 472 3619 maxima
497 3570 540 3618 ex
567 3545 853 3646 partenationes
872 3571 915 3618 eo
931 3545 1065 3648 ingenii
1084 3550 1192 3638 cultu,
1216 3577 1291 3646 quo

183 3677 314 3754 Gracci
338 3675 470 3751 dudum
494 3675 702 3768 floruerant,
726 3677 994 3777 impertiendas,
1020 3691 1144 3757 tamen.
1169 3679 1286 3778 ipsius

183 3810 400 3886 Graecorum
433 3811 609 3887 sermonis
637 3809 798 3889 castitati
824 3821 873 3887 et
889 3863 892 3869 -
906 3810 1115 3910 integritati·
1136 3811 1287 3890 multum

177 3942 305 4018 obluit.
355 3941 499 4033 Etenim
524 3938 782 4026 Macedonum·
802 3943 1073 4053 Aegyptiorum,
1093 3944 1289 4047 :Syrorum

164 4074 392 4173 Persarum,
425 4070 851 4173 ludorumaliorumquo
883 4075 1113 4153 barbarorum
1148 4075 1186 4151 iu
1203 4090 1206 4095 '
1223 4103 1288 4159 ore

178 4204 270 4284 haec
289 4201 645 4306 ‚lingrardopravnta
677 4211 714 4279 et
744 4204 931 4311 multiplici
965 4206 1191 4287 barbararum
1224 4237 1288 4289 vo·
