2684 4740
404 401 440 458 Et
456 399 581 458 lnemdltl
599 399 719 478 plausum
737 402 776 456 uti
794 399 866 458 docti
884 400 979 460 lerant:

402 505 522 581 Eumque
540 505 573 559 ab
591 503 652 573 illis,
671 507 718 580 qui
736 504 859 562 videntur
875 507 1012 581 pausopbi.

404 586 1014 669 mmmmmmmmMu

400 712 526 787 vulgaris
544 716 581 771 lta
598 734 705 788 regnum
723 725 796 771 tenet
814 715 942 775 conlusio.

203 854 364 931 Politicis
396 854 560 931 versibus
585 881 692 954 porro
718 855 931 930 Theodorus
951 854 1301 956 Ptocboprodromus

201 996 367 1090 poemata
391 1012 456 1060 sua
480 989 689 1087 composuit.
738 987 831 1060 Huic
848 1015 1015 1064 versuum
1034 990 1165 1088 generi,
1192 1001 1235 1063 ut
1251 1016 1301 1063 su·

201 1147 266 1220 pra
291 1118 453 1209 diximus,
478 1121 548 1217 jam
573 1117 666 1219 apud
692 1117 917 1218 Georgillam,
943 1119 1059 1218 quinti
1083 1120 1214 1194 decimi
1232 1147 1301 1196 sae-

201 1251 270 1324 culi
295 1261 446 1350 poetam,
470 1249 585 1324 finalis
612 1261 763 1324 concent
765 1277 806 1325 us
748 1251 931 1324 taddit
916 1261 974 1326 tus
998 1251 1191 1325 invenitur.
1238 1253 1301 1327 lta·

202 1407 272 1480 que
302 1380 509 1455 Demetrius
540 1379 659 1454 Zenus
692 1360 822 1456 multos
854 1382 961 1455 hae
951 1408 989 1454 m
1020 1409 1058 1453 re
1088 1381 1216 1457 habuit
1246 1382 1299 1456 ‹le-

201 1537 375 1585 cessores.
425 1509 514 1585 Caet
499 1520 615 1583 terum
638 1510 724 1585 licet
745 1537 875 1585 nomen
892 1476 1116 1612 polibcorum
1135 1528 1336 1651 versuump'

201 1641 365 1744 generale
391 1640 473 1714 olim
504 1641 629 1732 luerit,
600 1652 831 1716 ttamena
854 1655 984 1716 recent
969 1644 1120 1726 tioribus
1153 1645 1207 1719 sic
1239 1645 1299 1721 soli

199 1775 427 1847 nominantur
449 1797 576 1849 uersus
602 1775 798 1846 tetrametri
823 1774 964 1847 iambici
990 1773 1197 1867 catalectici,
1218 1805 1299 1877 quo·

198 1906 294 1978 niam
318 1903 368 1976 illi
394 1902 550 1976 omnium
567 1928 732 1978 versuum
753 1902 947 2003 vulgarium
966 1905 1193 1980 usitatissimi
1211 1918 1299 1984 sunt.

197 2035 329 2136 Neque
354 2035 448 2108 enim
473 2033 540 2108 alio
565 2045 680 2108 metro
706 2061 828 2110 omnes
854 2035 913 2125 illi,
939 2034 1136 2135 dequibus
1154 2042 1301 2115 mentio·
1332 2108 1336 2119 .

197 2194 281 2242 nem
312 2167 395 2257 feci,
429 2177 556 2267 poetae
587 2167 645 2243 usi
675 2178 769 2242 sunt.
824 2167 868 2241 In
896 2166 967 2242 boc
996 2167 1104 2268 igitur
1133 2197 1299 2273 versuum

197 2326 328 2400 genere
364 2300 566 2374 necessaria
600 2310 686 2398 post
716 2300 908 2374 secundam
945 2299 1123 2398 dipodiam
1155 2327 1298 2377 caesura

197 2441 263 2504 est.
313 2429 435 2527 Quum
462 2439 579 2502 autem
605 2438 747 2528 praeter
770 2426 898 2528 pedes,
925 2455 1015 2526 quos
1046 2431 1116 2504 hoc
1144 2442 1299 2506 metrum

194 2559 357 2659 requirit,
382 2557 468 2634 solis
493 2559 530 2632 in
554 2559 668 2660 prima
694 2570 731 2634 et
760 2559 867 2634 tertia
898 2557 1041 2660 dipodia
1074 2559 1296 2640 Choriambis

194 2690 295 2766 locus
322 2692 546 2782 concedatur,
572 2719 715 2794 semper
740 2692 941 2792 quindecim
967 2692 1110 2791 syllabis
1134 2694 1202 2769 hos
1223 2725 1298 2772 ver-

195 2850 258 2900 sus
284 2835 449 2899 constare
473 2826 699 2923 perspicuum
727 2835 798 2912 est,
825 2852 974 2922 quarum
1000 2836 1081 2899 octo
1047 2825 1157 2899 tad
1189 2826 1336 2927 prius,¹

194 2964 334 3081 septem
360 2952 405 3022 ad
429 2953 609 3048 posterius
634 2952 899 3023 hemistichium
923 2978 988 3049 per
990 2957 1113 3029 tinent.
1170 2959 1336 3059 ltaque
1334 2996 1336 3039 ι

193 3110 214 3156 a
215 3068 442 3153 nonnullis
461 3077 585 3172 στίχοι
622 3075 802 3151 πολιτικοὶ
838 3084 1299 3191 πεντεκαιδεκασυλλαβοι
1334 3098 1336 3135 ³

192 3211 250 3289 vel
276 3210 409 3285 omisso
434 3207 636 3302 reuberiana
660 3209 803 3299 nomine
827 3208 943 3282 solum
969 3212 1091 3307 στίχοι
1108 3244 1299 3299 πεντεκαι-

194 3340 481 3444 samanteria
505 3341 622 3422 vocati
639 3351 734 3419 sunt.
782 3340 901 3443 Ipsam
917 3344 1021 3417 metri
1037 3345 1184 3419 sormam
1204 3351 1300 3428 hanc
1320 3406 1327 3415 ·

195 3503 276 3553 esse
301 3486 419 3578 patet:

516 3607 965 3752 o.o-poLoLUo.o-'oLu

448 3702 464 3733 ⁸
516 3716 612 3743 -υυ..
772 3716 868 3742 ww..
953 3762 956 3767 Ι

193 3794 305 3920 Qlod
335 3830 516 3919 superest,
546 3821 640 3895 ictus
672 3821 875 3894 necessario
905 3819 1041 3894 incidie
1060 3818 1117 3897 vel
1147 3819 1185 3892 in
1216 3825 1296 3898 nlti-

136 3965 148 3972 ‘
191 3977 285 4026 mam
310 3950 366 4027 vel
391 3951 429 4022 in
454 3952 766 4053 antepenultimam
789 3951 918 4050 prioris
944 3950 1158 4025 hemistlthii
1190 3956 1294 4052 sylla-

190 4084 283 4158 bam.
341 4081 551 4181 Quodnisi
580 4085 618 4158 in
653 4093 805 4187 utraque
834 4078 1026 4181 reperitur,
1056 4084 1093 4159 iu
1124 4083 1293 4163 alterutra

191 4216 249 4308 sit,
273 4240 423 4290 necesse
448 4226 512 4292 est.
572 4217 659 4293 Non
682 4215 799 4287 miuus
831 4210 1008 4326 flagitatur
1038 4216 1131 4291 ictus
1163 4218 1200 4288 in
1232 4248 1293 4320 pe-

1215 4353 1291 4425 nul·
