2684 4740
77 109 221 212 linguae
255 105 430 194 studium,
470 105 595 207 paucis
631 103 829 182 declarabo.
876 108 984 186 Licet
1004 115 1184 195 recentior

74 243 197 345 lingua
220 240 331 317 multa
355 237 538 330 vocabula,
561 238 691 315 multas
715 240 899 315 nominum
916 243 1182 349 verborumque

73 375 208 451 formas
228 382 265 448 et
282 372 568 473 significationes,
585 368 714 447 multas
730 372 931 474 particulas,
956 385 1066 478 atque
1090 379 1182 459 adeo

71 507 287 609 syllabarum
306 505 540 606 quantitatem
557 504 724 595 amiserit,
746 533 787 580 ac
803 517 988 607 praeterea
1004 535 1079 584 non
1094 538 1182 612 pau·

70 666 136 717 cus
160 666 269 719 voces
292 637 535 739 loquendique
559 638 728 713 formulas
754 638 944 731 contineat,
970 668 1062 742 quae
1083 644 1179 745 apud

70 782 216 851 veteres
240 798 314 847 non
336 770 519 874 leguntur,
552 770 709 872 denique
732 770 771 844 in
802 772 989 848 nectendis
1019 776 1178 873 periodis

70 904 327 1005 struendisque
352 902 541 980 sententiis
566 901 747 1001 paululum
761 899 900 976 differat
909 902 1116 1003 abantiqua,
1126 908 1180 982 ni.

69 1036 264 1110 hilominus
276 1045 412 1109 tantam
425 1059 506 1106 cum
519 1032 576 1105 illa
590 1029 856 1106 similitudinem
863 1032 1069 1108 etiamnunc
1076 1038 1179 1137 gerit,

67 1176 243 1267 utparum
258 1167 361 1257 absit,
379 1165 466 1266 quin
480 1164 628 1238 eandem
646 1163 801 1266 linguam
814 1189 896 1240 csse
909 1164 1016 1241 dicas.
1035 1166 1175 1244 Idcirco

68 1298 217 1375 dubium
233 1309 300 1390 est,
317 1308 436 1373 utrum
455 1322 500 1371 ex
515 1296 716 1372 recentiore
733 1323 898 1372 sermone
916 1298 962 1373 ad
979 1299 1174 1401 antiquum,

66 1458 115 1506 an
139 1458 185 1505 ex
208 1431 355 1531 antiquo
374 1430 419 1504 ad
436 1430 671 1504 recentiorem
689 1429 817 1505 melius
836 1431 1046 1531 capiendum
1062 1436 1175 1533 major

64 1562 246 1640 redundet
268 1561 419 1653 utilitas3
443 1559 531 1636 illud
555 1587 628 1637 non
653 1560 810 1653 dubium,
836 1562 923 1663 quin
947 1574 1100 1665 uterque
1125 1565 1173 1641 ul·

62 1696 134 1773 teri
159 1693 339 1799 egregium
364 1692 487 1769 afferat
509 1693 640 1769 lumen.

210 1828 268 1904 Ac
292 1826 445 1929 primum
470 1826 615 1925 quidem
645 1824 678 1901 si
703 1826 784 1923 quis
810 1826 848 1898 in
872 1825 1078 1905 universum
1107 1856 1171 1905 no-

63 1960 134 2037 stri
159 1959 238 2036 aevi
262 1958 490 2057 graecitatem
515 1983 596 2030 cum
611 1966 688 2030 tota
706 1956 933 2056 antiquorum
950 1957 1069 2058 lingua
1087 1986 1172 2035 con-

64 2093 175 2182 ferat,
204 2090 361 2190 reperiat
391 2087 504 2190 prima
533 2087 660 2180 fronte,
685 2087 798 2189 magis
825 2115 903 2163 eam
928 2089 1099 2166 accedere
1122 2094 1199 2169 ad'

62 2223 278 2324 scriptorum
289 2220 621 2312 ecclesiasticorum,
635 2221 930 2323 ereticorumque,
943 2250 1051 2326 porro
1064 2224 1169 2301 scho-

61 2356 246 2431 liastarum
270 2366 377 2457 atque
404 2364 588 2428 auctorum
613 2354 783 2429 historiae
801 2354 1018 2454 Byzantinae
1038 2358 1166 2434 oratio-

59 2514 155 2576 nem,
181 2513 289 2584 quam
307 2487 352 2557 ad
369 2485 530 2557 florentis
550 2484 676 2557 aetatis
695 2482 838 2555 dicendi
854 2510 977 2583 genus.
1024 2487 1166 2563 Verun-

61 2630 183 2692 tamen
207 2615 322 2694 varias
347 2614 437 2705 illas,
462 2640 554 2715 quae
577 2612 778 2689 inGraecia
802 2612 909 2723 hodie
926 2614 1166 2711 inveniuntur,

61 2749 233 2826 dialectos
258 2746 448 2855 populares
466 2746 707 2849 perscrutanti
722 2756 857 2823 certum
875 2748 1063 2842 videbitur,
1083 2777 1163 2852 per-

58 2883 169 2959 multa
183 2909 240 2989 ex
262 2879 512 2989 antiquissimo
538 2880 757 2955 Graecorum
783 2907 947 2957 sermone
972 2883 1009 2955 in
1025 2883 1163 2984 vulgari

57 3014 230 3116 loquendi
253 3040 351 3091 more
376 3039 578 3115 superesse.
593 3016 627 3110 *)’
673 3012 779 3113 Quae
804 3039 863 3087 res
887 3013 983 3088 haud
1009 3014 1162 3092 difficilis

58 3148 237 3249 explicatu
259 3158 326 3224 est
374 3146 515 3248 Vulgus
535 3147 628 3221 enim
644 3147 911 3221 tenacissimum
928 3147 1162 3245 antiquitatis.

57 3279 174 3357 Porro
206 3305 329 3356 omnes
358 3280 433 3353 fere
464 3279 658 3380 scriptores
691 3278 838 3370 Graeci,
869 3303 917 3351 ne
945 3275 990 3351 iis
1017 3277 1162 3379 quidem

59 3411 231 3514 exceptis,
258 3411 321 3512 qui
344 3410 487 3485 Atticae
511 3410 679 3488 dictionis
705 3410 867 3511 exempla
891 3408 1077 3503 habentur,
1101 3412 1162 3490 vel

59 3547 122 3648 qui
146 3555 293 3649 postero
317 3554 480 3644 tempore
509 3540 655 3624 Atticae
679 3542 875 3646 elegantiae
905 3543 1160 3621 studiosissimi

128 3872 153 3942 “)
189 3868 239 3928 Da
250 3869 384 3929 Zacorum
401 3864 513 3929 dialecto
530 3866 673 3949 peculiaris
690 3874 779 3924 exstat
800 3860 873 3928 Frid.
889 3866 1042 3926 Thierschii
1063 3862 1160 3924 uiua·

44 3948 125 4019 'tatio
141 3957 394 4036 lectu'dignisaima.
429 3955 492 4039 Vid.
510 3957 662 4021 Commeat.
679 3953 762 4016 aar.
780 3955 883 4017 llonac.
899 3975 959 4016 ano.
977 3955 1057 4015 1832.

784 4065 863 4136 “a
