2684 4740
424 1128 616 1240 Index
673 1131 924 1244 latinus

602 1369 752 1383 5—-

654 1518 689 1580 A

115 1631 251 1687 Acceutus
269 1628 348 1684 metri
366 1646 443 1687 causa
462 1633 638 1708 transpositus
656 1631 726 1691 Dial.
745 1652 771 1692 v.
791 1637 816 1703 5,
837 1638 863 1691 6.
881 1633 941 1694 Par.
960 1654 986 1694 r.
1006 1639 1049 1696 45.

116 1736 251 1792 Acccutus
269 1753 364 1792 vocum
382 1735 452 1812 apud
470 1737 631 1791 recentiores
649 1734 770 1794 diversus
792 1739 824 1793 ab
843 1741 952 1815 antiquo
976 1739 1009 1796 C.
1028 1741 1060 1795 ad
1078 1740 1108 1798 P.
1132 1759 1158 1798 v.
1177 1745 1221 1802 27.

116 1841 253 1897 Acccntus
270 1858 374 1905 vocum,
393 1860 461 1914 quae
480 1838 617 1896 encliticae
635 1860 694 1898 esse
712 1840 812 1912 solent,
830 1853 891 1900 ante
909 1843 1079 1911 vocabulum,
1097 1844 1132 1901 ad
1150 1847 1222 1922 quod

151 1945 310 2014 referuntur,
327 1946 474 2021 positarum
491 1944 526 2002 D.
545 1965 571 2005 v.
583 1949 610 2004 3.

118 2052 297 2108 Accusativus
313 2049 440 2108 Aeolicus
457 2052 485 2107 in
503 2049 598 2127 plurali
615 2071 724 2109 numero
742 2057 842 2128 primae
861 2055 1044 2113 declinationis
1062 2055 1092 2116 P.
1110 2076 1136 2115 r.
1155 2060 1181 2114 3.
1252 2035 1257 2040 .

117 2157 296 2213 Accusatirns
312 2175 361 2232 pro
380 2155 469 2214 dativo
488 2154 522 2218 G.
541 2156 573 2213 ad
591 2158 626 2216 D.
645 2177 670 2218 r.
691 2162 716 2219 1.
735 2158 766 2216 P.
783 2181 810 2218 v.
829 2163 872 2225 57,
895 2165 955 2220 111.

117 2262 221 2317 Auristi
239 2259 340 2335 vulgari
357 2265 541 2320 terminatione
559 2266 682 2322 instructi
700 2264 733 2324 G.
752 2264 829 2325 adv.
848 2269 893 2325 75.

117 2363 260 2424 Articulus
278 2365 431 2428 indefinitus
448 2373 623 2429 recentiorum
641 2370 676 2431 D.
694 2390 722 2433 v.
741 2374 767 2430 2.

118 2474 262 2546 Augmenti
280 2473 402 2549 syllabici
419 2496 483 2539 usus
500 2480 529 2534 in
546 2480 669 2535 citeriore
688 2479 829 2554 graecitate
847 2477 881 2535 C.
899 2476 932 2532 ad
949 2473 985 2533 D.
1003 2495 1030 2535 v.
1048 2478 1075 2534 7.

118 2587 190 2635 otus
207 2581 356 2636 terminatio
374 2580 455 2638 latina
473 2603 488 2638 a
506 2583 615 2641 Graecis
633 2582 721 2641 medio
739 2603 804 2642 aevo
822 2582 913 2641 multis
930 2579 1066 2639 vocabrdis
1084 2579 1146 2637 eddi
1164 2599 1222 2638 eoe-

155 2692 201 2761 pte
220 2683 252 2742 C.
273 2704 299 2743 v.
319 2686 362 2743 65.

420 2778 421 2781 ‘
660 2814 688 2878 o

119 2925 304 3001 comparativi
327 2927 355 2984 iu
379 2953 409 2995 ος
431 2927 583 2986 desinentes
606 2930 639 2987 ab
662 2933 711 3004 iis,
736 2950 848 3010 quorum
866 2932 966 3011 positio
984 2955 1027 2990 ων
1044 2936 1102 3000 est,
1119 2926 1225 2985 formati

157 3032 191 3089 C.
209 3052 236 3090 v.
249 3035 292 3089 72.

121 3137 326 3215 comparativus
348 3137 523 3215 praecedente
546 3138 658 3196 articulo
682 3140 814 3218 quomodo
839 3137 919 3195 hodie
943 3160 957 3195 a
979 3138 1058 3215 plebe
1085 3148 1226 3214 usurpetur

159 3240 350 3301 &mnu

122 3347 319 3420 conjunctivus
335 3348 509 3426 praecedente
527 3349 566 3410 vd
584 3351 612 3408 in
630 3351 779 3418 sententiis,
796 3349 894 3426 quibus
915 3346 998 3404 futuri
1022 3347 1087 3426 quid
1109 3346 1226 3420 designa-

158 3462 203 3509 tur
221 3451 254 3512 G.
273 3472 299 3512 v.
319 3456 380 3512 263.

124 3557 222 3636 Cyprii
240 3568 268 3614 et
285 3558 397 3647 Pontici
408 3580 460 3638 qua
477 3560 699 3619 deminutivomm
717 3558 800 3616 forma
817 3570 924 3617 utantur
942 3557 975 3616 0.
994 3556 1028 3614 ad
1044 3556 1075 3614 P.
1093 3576 1120 3615 r.
1139 3560 1164 3615 6.

661 3706 695 3768 Ι)

125 3822 240 3879 Dativns
259 3821 426 3897 antiquorum
444 3821 577 3898 quomodo
596 3824 761 3898 exprimatur
779 3845 793 3879 a
810 3819 1003 3879 recentioribus
1021 3821 1056 3879 D.
1075 3841 1101 3880 v.
1122 3823 1145 3878 1.

123 3926 238 3983 Dativus
257 3947 304 3983 cur
322 3926 453 3984 exciderit
470 3948 504 3986 cx
521 3930 663 3985 recentiori
681 3926 771 4000 lingua
788 3926 822 3988 C.
842 3926 876 3982 ed
894 3926 924 3986 P.
943 3946 970 3986 v.
990 3930 1032 3985 10.

124 4031 240 4088 Dativus
258 4035 286 4090 in
304 4035 397 4110 paucis
415 4033 500 4091 adhuc
518 4033 639 4092 formulis
656 4032 770 4089 usitatus
787 4030 857 4108 opud
875 4042 979 4090 nostrae
997 4032 1139 4090 memoriae
1151 4027 1232 4088 Grac·

165 4135 422 4198 mstan
