2684 4740
1178 204 1247 279 133

144 389 269 477 ellipsis
290 388 433 455 nominis
456 380 557 474 πληγὴ
573 409 640 457 non
657 413 784 480 semper
795 394 942 478 quadrat,
955 397 1112 481 siquidem
1127 399 1243 466 Graeci

142 507 339 578 recentiores
368 512 507 600 simplex
537 517 666 579 verbum
692 517 740 580 sie
767 537 888 606 ponere
917 533 1149 584 consuevenmt
1175 542 1242 586 non

140 635 246 700 solum
268 635 307 699 de
329 638 511 702 verberibus
532 635 712 720 loquentes,
735 658 815 721 quae
838 643 908 723 quis
930 662 1028 728 manu
1049 654 1106 708 aut
1127 644 1241 710 baculo

140 757 237 824 alteri
264 755 400 842 infligit,
431 759 487 824 sed
515 761 613 825 etiam
639 761 679 825 de
707 761 860 846 telorum,
895 763 1037 852 lapidum
1064 765 1240 831 aliarumve

139 900 249 944 rerum
271 884 428 966 conjectu.
475 881 525 946 Οἱ.
547 903 629 948 vera.
651 880 727 948 399.
778 884 819 966 ln
846 884 899 949 his
922 889 1067 951 omnihus
1089 885 1240 969 loquendi

138 1004 310 1086 generibus
331 1003 418 1068 nihil
438 1005 688 1070 subaudiendum
709 1016 768 1069 est
819 1004 982 1071 Similiter
1003 1027 1079 1072 nos:
1109 1029 1147 1073 er
1167 1006 1239 1096 gob

136 1120 206 1188 itm
229 1122 309 1190 eins.
353 1125 432 1191 Alia
448 1127 534 1191 ratio
555 1139 606 1191 est
626 1126 692 1191 looi
714 1126 890 1209 Aeschylei
912 1127 1150 1213 Agrum-1393:

312 1239 395 1310 παίω
416 1241 457 1306 δέ
475 1267 525 1306 νιν
545 1239 605 1317 δίς·
627 1240 691 1307 κᾶν
711 1248 802 1309 δυοῖν
823 1239 1025 1331 οἰμώγμασιν

309 1363 451 1449 μεθῆκεν
472 1360 573 1440 αὐτοῦ
592 1367 695 1432 κῶλα·
716 1361 774 1432 καὶ
794 1362 961 1433 πεπτωκότι

307 1481 409 1570 τρίτην
429 1468 612 1572 ἐπενδίδωμι

132 1613 188 1677 ubi
216 1613 257 1675 ob
285 1632 393 1676 vocem
420 1603 521 1693 spirae
547 1634 666 1679 nomen
692 1604 814 1699 πληγὴν
842 1616 878 1680 iu
905 1616 1001 1682 verbo
1028 1609 1112 1677 παίω
1134 1617 1235 1684 latere

132 1754 232 1817 eoque
254 1734 346 1817 quasi
366 1733 506 1798 latenter
527 1736 593 1799 diei
614 1747 702 1799 reete
732 1738 847 1800 statuit
873 1737 1079 1804 Hermannus
1108 1741 1144 1802 in
1172 1742 1235 1805 dis·

131 1857 308 1922 sertatione
331 1856 370 1919 de
392 1854 499 1944 ollipsl
522 1868 555 1921 et
575 1856 762 1944 pleonasmo
786 1858 821 1921 iu
843 1857 957 1942 lingue
978 1879 1096 1942 graeca
1115 1862 1234 1947 Opuse.

129 1981 224 2046 Tom.
251 1979 269 2043 I
302 1999 376 2066 pag.
407 1976 482 2043 152.
516 2013 559 2025 -
590 1969 765 2085 ξεκοίλιὸσε
793 1981 832 2043 ob
859 1982 1022 2062 syniuesin
1044 1991 1078 2044 et
1099 1993 1236 2047 metrum

129 2123 189 2192 pro
217 2092 400 2208 ξεκοιλὲνσε.
445 2099 590 2165 Verbum
611 2087 802 2178 ξεκοιλιάζω,
823 2120 883 2187 pro
907 2120 968 2182 quo
991 2113 1113 2167 veteres
1135 2097 1234 2169 ἐκκοι.

129 2213 226 2299 λιάζω
249 2224 413 2303 dixerunt,
436 2224 580 2287 eontinet
601 2224 872 2309 praepositionem
899 2216 933 2300 ἐξ
954 2224 1081 2288 inverso
1110 2222 1234 2288 littera·

129 2366 201 2411 rum
231 2346 353 2410 ordine.
403 2345 479 2409 vid.
509 2346 551 2411 ed
577 2364 659 2410 vers.
691 2344 766 2411 125.
815 2346 911 2410 Vorti
939 2346 1032 2410 debet
1052 2334 1232 2424 ξεκοιλιάζω

128 2464 289 2545 eviscero,
309 2476 484 2543 exentero,
506 2464 639 2533 viscera
662 2464 827 2545 extraho,
848 2464 1012 2534 intestino
1035 2466 1187 2558 afflando.

239 2590 303 2664 Ὺ.
326 2589 401 2656 363.
446 2578 563 2648 ἔπεσαν
589 2592 612 2652 i.
634 2612 662 2652 e.
690 2577 810 2650 ”ettamen
864 2591 929 2653 Hie
963 2591 1103 2655 norisius
1132 2578 1231 2651 ἔπεσα

119 2718 192 2799 jam
215 2713 379 2777 invenitur
401 2730 451 2794 ap.
474 2709 584 2793 Eurip.
608 2709 726 2770 Troad.
749 2707 813 2771 ‘291
844 2720 877 2770 et
904 2709 1029 2772 Aleest.
1053 2708 1127 2772 471.
1182 2711 1231 2775 Cf.

123 2837 247 2900 Buttm.
271 2832 414 2896 Gramm.
436 2829 583 2916 amplior.
606 2829 697 2892 Tom.
718 2827 753 2892 ll
774 2847 849 2914 pag.
872 2825 937 2892 217
959 2847 1045 2910 seqq.
1090 2826 1230 2917 Saepius

125 2966 234 3020 exstat
262 2955 298 3018 in
324 2954 552 3041 posteriorum,
581 2951 740 3037 imprimis
768 2950 1065 3016 Alexandrinorum
1086 2952 1227 3040 seriptis.

123 3079 202 3144 Vid.
226 3076 363 3141 Lobeek.
386 3077 428 3140 ad
450 3074 573 3158 Plrryn.
596 3097 626 3163 p.
652 3071 725 3139 tlt.
748 3109 791 3124 -
821 3063 943 3155 κάμον,
964 3077 1096 3159 antique
1118 3067 1230 3157 χαμαί

122 3197 224 3265 humi.
271 3198 440 3264 Caeterum
462 3200 557 3263 verba
580 3185 692 3279 κάμον
714 3185 878 3274 &gauleno
901 3217 967 3282 non
990 3197 1031 3258 ad
1054 3184 1161 3276 ἕκερα
1176 3217 1225 3260 ro.

124 3324 254 3388 ferenda
275 3333 361 3400 sunt,
384 3322 458 3402 quie
481 3320 535 3384 hio
561 3319 765 3399 Attieismus‚
787 3339 848 3400 quo
871 3329 986 3381 neutra
1008 3315 1145 3402 pluralis
1166 3339 1224 3381 nu-

122 3447 204 3512 meri
225 3445 496 3509 substantivorum
518 3463 591 3506 eum
612 3443 716 3506 verbis
737 3440 948 3524 singulariter
969 3439 1150 3502 enunciatis
1172 3459 1222 3501 eo-

119 3570 284 3659 pulantur‚
306 3567 402 3650 vulgo
424 3566 519 3631 hodie
540 3566 670 3649 ignotus
691 3575 751 3644 est,
773 3563 830 3627 sed
851 3565 1028 3647 subjeetum
1046 3583 1064 3624 e
1079 3561 1222 3646 superio·
1256 3589 1260 3598 ·
1284 3575 1289 3579 ·

119 3693 209 3756 ribus
242 3690 461 3753 asciscendum
493 3701 543 3752 est
574 3685 811 3751 Limuoeharis.
867 3685 979 3766 Itaque
1012 3683 1092 3749 haee
1124 3685 1221 3748 ver-ba

119 3814 255 3880 Crusius
277 3778 360 3876 male
383 3793 611 3896 interpretatus
633 3823 683 3874 est
703 3817 737 3873 et
760 3804 851 3870 hiemi
867 3795 1026 3893 expanso
1044 3817 1134 3887 suret;
1148 3826 1220 3868 sen-

116 3959 175 4003 sus
197 3936 285 4000 enim
306 3945 371 3998 est:
398 3928 638 3997 Limnochoris
659 3929 751 3995 hiemi
773 3936 932 3994 extensus
953 3937 1014 3994 est.
1068 3927 1219 3994 Similem

114 4063 190 4147 ejus
211 4077 354 4123 errorem
376 4055 486 4119 notavi
507 4055 548 4119 ad
570 4076 649 4120 vers.
671 4054 725 4120 60.

253 4178 297 4243 V.
319 4175 394 4246 364.
447 4170 623 4241 ἐκοκκίνισε
650 4171 774 4246 rubuit.
829 4177 934 4252 Quum
963 4174 1049 4239 enim
1075 4163 1219 4242 κόκκινος
1309 4255 1310 4260 ¹
