2684 4740
91 249 344 320 ι30·

166 421 292 520 aedidit
319 458 339 502 a
369 438 464 502 verbo
491 425 596 516 olona
624 436 645 498 i.
674 455 700 496 e.
726 422 813 513 σύρω
842 431 925 518 apud
954 431 1115 512 antiquos.
1165 430 1271 512 Neque

166 578 276 630 tamen
297 560 395 647 plane
418 559 605 644 aequiparat
626 556 787 620 recentior
809 555 908 616 dictio
924 564 1074 632 veterem,
1096 553 1157 616 sed
1171 544 1270 635 σύρνω

167 690 203 750 in
226 685 353 772 passivo
376 683 474 744 etiam
497 700 534 742 so
556 675 718 742 trahendi
740 699 778 742 ae
801 672 941 762 rependi
963 696 1093 739 sensum
1109 675 1219 741 hahet·
1233 714 1269 725 -

166 797 339 886 πετούμενα
361 804 412 866 vol
433 792 595 881 uardpeuo
615 813 690 864 sunt
712 794 875 865 volucria.
922 799 1090 861 Posterior
1114 801 1219 864 forma
1233 802 1267 864 le-

168 931 256 1014 gitur
278 925 362 1013 apud
384 925 620 988 Damascenum
644 921 808 986 Studitam
830 923 866 984 in
888 918 1008 1002 Μερικῇ
1031 911 1267 1002 Διαγνῶσειέκ

166 1049 228 1112 τῶν
245 1043 388 1109 παλαιῶν
400 1037 583 1123 φιλοσόφων
598 1036 665 1126 περὶ
678 1035 802 1126 poletrum
815 1033 872 1104 atui
885 1034 1062 1124 ἰδιωμάτων
1078 1042 1174 1103 τινῶν
1191 1036 1266 1118 {reiron

168 1171 339 1252 (Venetiis
359 1165 445 1230 1682
464 1169 602 1248 excusa)
624 1189 697 1254 pag.
723 1168 750 1231 1.
796 1168 1020 1249 Patetautem‚
1044 1168 1079 1230 in
1102 1158 1265 1248 πετούμενα

168 1294 333 1377 vulgarem
347 1291 607 1376 depravationem
622 1292 720 1354 eerni.
753 1290 800 1356 ct.
817 1291 924 1355 adnot.
943 1290 984 1353 ad
1002 1289 1128 1374 dialogi
1145 1311 1222 1355 vers·
1236 1290 1263 1353 1.

167 1417 288 1481 Notum
305 1416 377 1496 jam
398 1413 557 1474 veteribus
576 1413 640 1487 luit
660 1407 818 1482 πεπᾶσθαι
840 1432 900 1498 pro
922 1404 1092 1492 πέτεσῇαη
1117 1414 1262 1476 receptio.

167 1521 220 1600 res
243 1537 342 1599 etiam
364 1533 469 1595 activo
492 1531 570 1591 πετῶ
591 1544 731 1598 utuntur.
756 1567 799 1580 --

295 1653 337 1717 V.
360 1652 413 1720 99.
459 1644 777 1717 attondendum
809 1641 908 1718 dodo.
952 1655 1005 1720 De
1026 1648 1120 1716 dodo
1139 1659 1211 1721 'dixi
1230 1657 1262 1722 ad

167 1797 248 1841 vers.
274 1775 326 1840 12.
356 1811 400 1822 —
436 1737 589 1881 angelomi
610 1775 787 1860 vulgariter
808 1797 866 1863 pro
889 1769 1057 1859 παροιμία.
1096 1814 1140 1827 -
1176 1770 1262 1849 lentot·

115 1910 119 1916 ’
165 1899 324 1963 novitium
339 1897 535 1979 vocabulum,
552 1920 594 1962 ex
615 1888 694 1958 σκιά
715 1901 887 1962 formatum
909 1903 999 1984 eujus
1015 1902 1166 1990 exempla
1181 1915 1275 1986 quae

166 2021 241 2085 darn
268 2041 287 2084 e
314 2020 541 2085 vetustioribus
568 2021 779 2109 scriptoribus
808 2022 908 2086 citata
935 2023 1007 2086 vido
1043 2043 1096 2112 ap.
1123 2025 1261 2108 Dueaug.
1297 2080 1299 2112 r

165 2141 259 2206 Tem.
281 2141 299 2206 1
319 2162 392 2228 pag.
415 2139 490 2206 522.
1297 2128 1299 2136 ¹

296 2262 338 2326 V.
366 2261 437 2328 100.
482 2256 600 2344 rutupi
621 2285 681 2351 per
702 2265 880 2328 Ionismum
901 2284 961 2352 pro
983 2255 1109 2348 σκληρά
1125 2287 1167 2332 ex
1179 2268 1263 2353 vulgi

166 2384 411 2464 consuetudine,
440 2384 479 2447 de
507 2404 569 2465 qua
596 2386 721 2448 loeutus
750 2406 820 2448 sum
848 2406 946 2473 supra
974 2388 1016 2452 ad
1043 2386 1203 2456 veraaeld.
1218 2393 1259 2438 '-

164 2495 281 2576 δεῖκυω
303 2503 435 2570 infimae
458 2492 645 2588 graecitatis
668 2517 718 2570 est
738 2528 798 2594 pro
827 2519 932 2572 vetere
960 2501 1107 2592 ustum
1135 2511 1184 2576 vel
1206 2510 1259 2571 δει.

162 2613 257 2687 autito.
300 2624 420 2691 Differt
437 2637 547 2691 tamen
568 2628 605 2691 in
626 2650 665 2692 eo
687 2626 760 2692 hoe
771 2648 889 2693 novum
910 2632 1099 2698 vocabulum
1122 2637 1164 2700 ab
1187 2634 1258 2700 auti·

115 2814 124 2831 ,
163 2751 235 2832 quis
256 2748 336 2825 illie,
358 2750 442 2832 quod
464 2769 531 2814 non
552 2751 647 2815 modo
669 2752 888 2834 transitivum,
911 2755 968 2819 sed
990 2758 1092 2820 etiam
1117 2756 1256 2822 intrami-

163 2871 264 2935 tivum
285 2881 344 2934 est.
391 2873 506 2947 Quum
520 2874 761 2938 intransitivum
783 2886 848 2956 est,
870 2878 953 2941 verti
982 2877 1076 2942 debet
1102 2899 1142 2944 oe
1163 2889 1256 2944 oneu-

162 2987 255 3063 dere,
276 3008 461 3075 apparere,
482 2989 603 3068 videri,
630 2993 716 3058 velut
738 2997 824 3062 inira
845 3019 928 3062 vers.
950 2996 1025 3065 229.
1076 3001 1131 3087 De
1161 3003 1256 3068 analo

140 3110 217 3194 ‘gia
239 3107 335 3194 hujus
358 3113 447 3175 verbi
469 3116 507 3176 oi.
530 3127 698 3200 praeterea
720 3120 793 3182 adn.
817 3120 858 3183 ad
881 3142 911 3185 v.
933 3119 1008 3187 372.
1033 3157 1076 3170 -
1098 3111 1255 3197 adamal-

160 3229 251 3318 quiv,
275 3253 385 3297 rarum
405 3235 548 3320 vulgaris
570 3231 700 3322 liuguae
727 3261 936 3327 pronomem.
950 3255 1056 3309 ortum
1079 3267 1123 3309 ex
1145 3233 1211 3308 udo
1228 3254 1254 3310 et

158 3375 210 3427 nc.
243 3352 361 3420 Simile
376 3358 556 3445 exemplum
573 3358 692 3444 allegat
708 3363 829 3427 Coraes
843 3357 902 3425 ’An
924 3365 960 3430 Π
980 3386 1012 3452 p.
1035 3364 1113 3432 310.

289 3477 332 3541 V.
360 3477 430 3543 100.
461 3473 622 3587 ’κραμπρ
637 3484 774 3570 pluralis
795 3488 938 3551 nominis
958 3477 1080 3569 κραμπὶ
1094 3488 1150 3554 vel
1166 3511 1255 3573 κραμ-

156 3588 237 3675 uiuo,
261 3617 323 3680 quo
344 3600 486 3684 vulgaris
507 3601 620 3688 lingua
640 3626 708 3692 pro
722 3596 851 3688 κράμβη
872 3605 1070 3691 (brassica)
1087 3612 1255 3700 saepouti·

155 3729 216 3783 tur.
239 3753 282 3766 -
302 3711 419 3800 ραπάνι
440 3723 491 3787 vel
512 3715 665 3803 ῥαπάυιον
691 3728 741 3794 vel
763 3719 905 3816 ῥάπᾳνον
930 3733 982 3797 vel
1003 3733 1143 3816 denique
1166 3728 1255 3817 §aaa

32 3833 34 3837 ’
154 3830 238 3916 utta,
253 3832 279 3916 ἡ
301 3840 397 3906 hodie
419 3845 608 3931 appellatur,
632 3852 715 3933 quod
736 3854 878 3936 antiquio
900 3855 961 3918 luit
983 3845 1111 3934 ῥαφάνη
1135 3855 1189 3923 vel
1209 3849 1255 3939 ῥα·

153 3953 248 4037 paule
269 3963 320 4026 vel
341 3955 482 4043 ῥάφανος
502 3966 700 4056 raphanum·
741 3972 873 4043 Videsis
901 3977 1049 4063 Ducang.
1081 3978 1194 4048 Glosr.
1219 3997 1254 4046 m

96 4120 100 4123 -
127 4085 606 4179 Ι91111101.Τοιιι.ΠΡεις.
630 4091 726 4159 1283.
864 4091 866 4096 ’

280 4206 323 4272 V.
350 4206 420 4276 103.
466 4200 592 4275 oduuino
614 4235 686 4282 oum
704 4216 830 4302 syllaba
844 4224 1052 4310 paragogum
1076 4245 1179 4312 quam
1194 4223 1253 4296 vul·
