2684 4740
184 231 271 287 xvm

187 401 231 476 In
255 399 311 475 his
336 394 542 472 nominandi
565 357 881 474 videnturCnmas
907 402 945 468 et
965 388 1296 491 Theoclraropulus,

190 557 343 634 quorum
366 530 546 630 posterior
570 526 696 601 libellis
730 526 942 624 quibusdam
973 523 1214 628 grammaticis
1245 523 1296 597 in-

189 663 324 754 notuit,
349 662 447 763 prior
477 687 558 734 cum
588 659 665 734 aliis
696 659 864 758 operibus
895 669 972 733 tum
1003 656 1295 733 translationibus

186 796 361 871 'librorum
386 792 668 893 germanicorum
691 792 742 865 ita
767 790 812 865 de
837 818 964 892 graeca
986 792 1132 866 natione
1156 789 1297 879 meruit,
1341 873 1342 876 Ἴ

191 938 234 1003 ut
256 936 357 1026 grato
379 924 495 998 animo
526 923 676 998 Graecis
707 923 906 1010 diutissime
941 927 1017 1024 ejus
1048 922 1223 996 memoria
1252 922 1298 998 sit

192 1056 375 1136 servanda.
424 1056 586 1132 Ulterius
612 1057 650 1128 in
673 1054 845 1129 imitando
869 1057 1096 1156 antiquorum
1121 1080 1298 1145 sermone,

192 1215 300 1292 quam
325 1187 471 1279 Comes,
497 1201 619 1263 eorum
637 1188 701 1288 qui
724 1189 923 1264 recentiore
939 1189 1059 1291 lingua
1076 1189 1299 1287 scripserunt

140 1320 144 1327 ’
192 1320 453 1397 Constantinus
480 1319 711 1395 Oeconomus
737 1347 950 1420 progressus
977 1331 1049 1411 est,
1082 1320 1137 1396 vir
1167 1321 1299 1422 insigni

193 1451 356 1527 facundia
380 1450 580 1552 praeditus,
606 1477 713 1551 quem
742 1462 887 1526 nostrae
917 1453 1043 1527 aetatis
1080 1450 1299 1527 Graecorum

193 1583 492 1682 Chrysostomum
507 1581 649 1658 dixeris.
688 1582 814 1658 Plures
828 1586 905 1683 ejus
917 1583 998 1657 libri
1009 1582 1180 1658 feruutur.
1207 1584 1299 1661 Nam

194 1715 241 1790 de
278 1725 355 1789 arte
391 1713 578 1789 rhetorica·
606 1740 697 1814 opus
735 1717 947 1815 composuit,
973 1715 1153 1789 orationes
1189 1718 1300 1792 eccle·

194 1846 358 1922 sinsticas
384 1845 497 1920 edidit
520 1855 559 1919 et
583 1845 628 1918 de
646 1845 805 1920 Graecae
830 1872 871 1919 ac
895 1847 1214 1922 Slavonorussicae
1239 1850 1301 1924 lin-

196 2004 286 2082 guae
309 1977 522 2078 cognatione
547 1988 806 2053 commentatus
829 1988 905 2078 est.
964 1978 1105 2054 Omitto
1131 1979 1197 2053 alia
1224 1985 1300 2081 ejus

195 2109 339 2209 scripta,
364 2135 457 2209 quae
481 2135 556 2184 non
580 2111 696 2185 minus
723 2110 874 2184 celebria
896 2119 990 2185 sunt.
1038 2109 1123 2184 Etsi
1138 2138 1225 2188 vero
1244 2113 1302 2187 alii

195 2240 298 2316 aliter
327 2242 421 2316 inter
457 2242 584 2317 doctos
618 2244 837 2318 Graecorum
867 2242 964 2320 viros
998 2243 1162 2318 scribunt
1190 2255 1299 2344 atque

195 2373 402 2473 loquuntur,
427 2383 534 2474 prout
560 2374 775 2464 eruditione,
800 2372 948 2472 judicio,
973 2370 1112 2475 pulchri
1140 2376 1303 2453 venusti-

196 2530 269 2604 qne
299 2529 410 2580 sensu
440 2504 536 2579 inter
568 2529 610 2579 se
639 2506 831 2582 dissimiles
861 2516 960 2598 sunt,
991 2506 1081 2582 hae'c
1102 2515 1222 2581 tamen
1247 2505 1304 2580 di-

195 2635 363 2728 versitas,
397 2663 491 2737 quae
521 2637 634 2739 magis
664 2639 850 2740 magisque
881 2649 1084 2728 evanescet,
1119 2637 1304 2714 neminem

195 2766 470 2870 alienigenarum
505 2769 696 2871 prohibere
732 2771 855 2861 debet,
886 2773 1075 2872 quominus
1107 2768 1303 2847 discendae

194 2899 332 3001 vulgari
355 2901 496 3001 liuguae
512 2927 658 2999 operam
680 2900 751 2977 det
800 2902 918 2979 Multo
935 2903 1029 2979 enim
1046 2902 1163 2978 nunus
1179 2902 1304 3006 legen·

196 3028 253 3105 dis
278 3030 465 3106 doctorum
490 3031 673 3107 hominum
697 3034 807 3127 libris,
831 3035 1024 3136 inquibus
1050 3033 1179 3109 cultius
1211 3036 1303 3113 illud

195 3172 234 3237 et
250 3163 432 3263 antiquius
450 3164 591 3239 dicendi
610 3193 722 3267 genus
739 3178 896 3269 apparet,
913 3167 1091 3270 peregrini
1107 3167 1302 3268 proliciunt

193 3292 374 3396 philologi,
398 3323 507 3396 quam
532 3300 791 3399 cognoscendis
815 3301 860 3373 iis
886 3301 1076 3400 operibus,
1108 3326 1201 3401 quae
1225 3301 1302 3401 ple-

193 3426 275 3525 beio
291 3453 456 3503 sermone
475 3430 608 3530 scripta
622 3442 716 3507 suut
764 3432 952 3538 Siquidem
968 3432 1108 3532 plebeia
1126 3431 1301 3532 loquendi

192 3560 415 3635 consuetudo
439 3570 513 3635 tam
537 3561 599 3636 diu
623 3563 812 3664 philologis
836 3564 999 3666 ignorata
1023 3565 1151 3654 effecit,
1175 3574 1217 3638 ut
1239 3564 1299 3642 vel

191 3688 257 3781 illi,
283 3691 345 3790 qui
368 3690 566 3768 litterarum
596 3721 802 3795 graecarum
831 3697 1012 3799 principes
1043 3693 1300 3785 salutabantur,

189 3821 228 3895 in
252 3823 482 3923 explanandis
506 3826 762 3927 vertendisque
787 3830 925 3932 antiqui
949 3839 987 3904 et
1003 3826 1113 3919 medii
1128 3823 1205 3900 nevi
1221 3849 1300 3899 mo-

187 3958 368 4033 numentis
393 3961 622 4061 gravissimos
648 3958 838 4059 aliquando
864 3986 1003 4039 errores
1026 3959 1095 4036 sibi
1113 3957 1220 4057 objici
1235 3987 1299 4060 pa-

187 4095 359 4165 terentur.
390 4090 511 4190 Quem
528 4093 639 4192 igitur>
651 4117 756 4166 usum
778 4097 957 4195 praebeat,
975 4105 1184 4196 quantoque
1201 4116 1298 4166 corn-

186 4220 294 4296 modo
323 4221 374 4298 sit
405 4222 556 4301 eruditis
588 4227 818 4327 conjunctum
847 4229 981 4315 veteris
1013 4240 1050 4306 et
1081 4216 1298 4312 recentioris
