<?xml version="1.0" encoding="UTF-8"?>
<!DOCTYPE html PUBLIC "-//W3C//DTD XHTML 1.0 Transitional//EN"
    "http://www.w3.org/TR/xhtml1/DTD/xhtml1-transitional.dtd">
<html xmlns="http://www.w3.org/1999/xhtml" xml:lang="en" lang="en">
 <head>
  <title>
</title>
<meta http-equiv="Content-Type" content="text/html;charset=utf-8" />
  <meta name='ocr-system' content='tesseract 3.04.00' />
  <meta name='ocr-capabilities' content='ocr_page ocr_carea ocr_par ocr_line ocrx_word'/>
</head>
<body>
  <div class='ocr_page' id='page_1' title='image "./demetriizenipar00mullgoog_0188.png"; bbox 0 0 2684 4740; ppageno 0'>
   <div class='ocr_carea' id='block_1_1' title="bbox 1177 206 1243 279">
    <p class='ocr_par' dir='ltr' id='par_1_1' title="bbox 1177 206 1243 279">
     <span class='ocr_line' id='line_1_1' title="bbox 1177 206 1243 279; baseline 0.091 -5"><span class='ocrx_word' id='word_1_1' title='bbox 1177 206 1243 279; x_wconf 86' lang='lat'>101</span> 
     </span>
    </p>
   </div>
   <div class='ocr_carea' id='block_1_2' title="bbox 88 371 1302 1672">
    <p class='ocr_par' dir='ltr' id='par_1_2' title="bbox 127 371 1243 964">
     <span class='ocr_line' id='line_1_2' title="bbox 136 371 1243 480; baseline 0.014 -32"><span class='ocrx_word' id='word_1_2' title='bbox 136 382 216 449; x_wconf 71' lang='lat'><strong>128.</strong></span> <span class='ocrx_word' id='word_1_3' title='bbox 239 371 290 430; x_wconf 59' lang='grc'>-’</span> <span class='ocrx_word' id='word_1_4' title='bbox 305 371 502 465; x_wconf 77' lang='grc' dir='ltr'><em>ε’σφοῦγγισε</em></span> <span class='ocrx_word' id='word_1_5' title='bbox 530 407 571 450; x_wconf 87' lang='lat' dir='ltr'>ex</span> <span class='ocrx_word' id='word_1_6' title='bbox 600 387 689 472; x_wconf 89' lang='lat' dir='ltr'>vulgi</span> <span class='ocrx_word' id='word_1_7' title='bbox 719 391 946 455; x_wconf 87' lang='lat' dir='ltr'>consuetudine</span> <span class='ocrx_word' id='word_1_8' title='bbox 972 414 1031 480; x_wconf 86' lang='lat' dir='ltr'>pro</span> <span class='ocrx_word' id='word_1_9' title='bbox 1060 387 1243 480; x_wconf 75' lang='grc' dir='ltr'><strong>ἐσπόγγισε.</strong></span> 
     </span>
     <span class='ocr_line' id='line_1_3' title="bbox 132 504 1238 601; baseline 0.011 -30"><span class='ocrx_word' id='word_1_10' title='bbox 132 507 184 572; x_wconf 87' lang='lat' dir='ltr'>At</span> <span class='ocrx_word' id='word_1_11' title='bbox 205 504 297 598; x_wconf 10' lang='lat' dir='ltr'>*nihil</span> <span class='ocrx_word' id='word_1_12' title='bbox 325 508 442 569; x_wconf 90' lang='lat' dir='ltr'>mirum</span> <span class='ocrx_word' id='word_1_13' title='bbox 470 509 506 571; x_wconf 92' lang='lat' dir='ltr'>in</span> <span class='ocrx_word' id='word_1_14' title='bbox 532 505 594 572; x_wconf 87' lang='lat' dir='ltr'>hac</span> <span class='ocrx_word' id='word_1_15' title='bbox 626 513 746 592; x_wconf 84' lang='lat' dir='ltr'>lorma3</span> <span class='ocrx_word' id='word_1_16' title='bbox 781 532 856 577; x_wconf 89' lang='lat' dir='ltr'>nam</span> <span class='ocrx_word' id='word_1_17' title='bbox 888 515 993 579; x_wconf 88' lang='lat' dir='ltr'>Attici</span> <span class='ocrx_word' id='word_1_18' title='bbox 1028 536 1152 601; x_wconf 88' lang='lat' dir='ltr'>quoque</span> <span class='ocrx_word' id='word_1_19' title='bbox 1184 510 1238 581; x_wconf 66' lang='lat' dir='ltr'>civ</span> 
     </span>
     <span class='ocr_line' id='line_1_4' title="bbox 130 620 1239 729; baseline 0.019 -41"><span class='ocrx_word' id='word_1_20' title='bbox 130 620 281 711; x_wconf 73' lang='grc' dir='ltr'><em>σπόγγον</em></span> <span class='ocrx_word' id='word_1_21' title='bbox 303 629 508 716; x_wconf 81' lang='lat' dir='ltr'>appellabant</span> <span class='ocrx_word' id='word_1_22' title='bbox 528 620 683 714; x_wconf 73' lang='grc' dir='ltr'><strong>σφόγγου.</strong></span> <span class='ocrx_word' id='word_1_23' title='bbox 719 635 904 718; x_wconf 80' lang='lat' dir='ltr'>Praeterea,</span> <span class='ocrx_word' id='word_1_24' title='bbox 928 659 1139 729; x_wconf 87' lang='lat' dir='ltr'>quamsaepe</span> <span class='ocrx_word' id='word_1_25' title='bbox 1161 621 1239 708; x_wconf 86' lang='lat' dir='ltr'>oin</span> 
     </span>
     <span class='ocr_line' id='line_1_5' title="bbox 130 752 1234 838; baseline 0.017 -26"><span class='ocrx_word' id='word_1_26' title='bbox 130 775 174 813; x_wconf 89' lang='grc' dir='ltr'>ου</span> <span class='ocrx_word' id='word_1_27' title='bbox 197 754 234 816; x_wconf 90' lang='lat' dir='ltr'>in</span> <span class='ocrx_word' id='word_1_28' title='bbox 255 764 397 819; x_wconf 91' lang='lat' dir='ltr'>veterum</span> <span class='ocrx_word' id='word_1_29' title='bbox 420 753 569 818; x_wconf 79' lang='lat' dir='ltr'>dialectis</span> <span class='ocrx_word' id='word_1_30' title='bbox 591 752 767 838; x_wconf 80' lang='lat' dir='ltr'>transierit,</span> <span class='ocrx_word' id='word_1_31' title='bbox 790 772 868 825; x_wconf 86' lang='lat' dir='ltr'>nota</span> <span class='ocrx_word' id='word_1_32' title='bbox 890 781 942 825; x_wconf 91' lang='lat' dir='ltr'>res</span> <span class='ocrx_word' id='word_1_33' title='bbox 964 774 1022 827; x_wconf 87' lang='lat' dir='ltr'>est.</span> <span class='ocrx_word' id='word_1_34' title='bbox 1054 762 1131 828; x_wconf 89' lang='lat' dir='ltr'>Vid.</span> <span class='ocrx_word' id='word_1_35' title='bbox 1148 765 1234 833; x_wconf 86' lang='lat' dir='ltr'>Mat·</span> 
     </span>
     <span class='ocr_line' id='line_1_6' title="bbox 127 874 797 964; baseline 0.007 -26"><span class='ocrx_word' id='word_1_36' title='bbox 127 874 223 938; x_wconf 82' lang='lat' dir='ltr'>thiae</span> <span class='ocrx_word' id='word_1_37' title='bbox 246 875 303 938; x_wconf 87' lang='lat' dir='ltr'>Gr.</span> <span class='ocrx_word' id='word_1_38' title='bbox 327 875 384 936; x_wconf 88' lang='lat' dir='ltr'>Gr.</span> <span class='ocrx_word' id='word_1_39' title='bbox 407 877 497 939; x_wconf 83' lang='lat' dir='ltr'>Tem.</span> <span class='ocrx_word' id='word_1_40' title='bbox 521 877 538 940; x_wconf 95' lang='lat' dir='ltr'>I</span> <span class='ocrx_word' id='word_1_41' title='bbox 559 876 590 964; x_wconf 84' lang='lat' dir='ltr'>&#39;p</span> <span class='ocrx_word' id='word_1_42' title='bbox 615 877 658 942; x_wconf 73' lang='lat'>54</span> <span class='ocrx_word' id='word_1_43' title='bbox 681 881 730 942; x_wconf 89' lang='lat' dir='ltr'>ed.</span> <span class='ocrx_word' id='word_1_44' title='bbox 753 880 797 943; x_wconf 92' lang='lat' dir='ltr'>Il.</span> 
     </span>
    </p>

    <p class='ocr_par' dir='ltr' id='par_1_3' title="bbox 88 991 1302 1672">
     <span class='ocr_line' id='line_1_7' title="bbox 263 991 1234 1090; baseline 0.011 -32"><span class='ocrx_word' id='word_1_45' title='bbox 263 996 307 1059; x_wconf 91' lang='lat' dir='ltr'>V.</span> <span class='ocrx_word' id='word_1_46' title='bbox 333 996 406 1061; x_wconf 83' lang='lat'><strong>196.</strong></span> <span class='ocrx_word' id='word_1_47' title='bbox 451 991 699 1078; x_wconf 76' lang='grc' dir='ltr'><strong>οὐμπασχήσετε</strong></span> <span class='ocrx_word' id='word_1_48' title='bbox 721 1003 800 1086; x_wconf 91' lang='lat' dir='ltr'>Imp.</span> <span class='ocrx_word' id='word_1_49' title='bbox 819 1023 885 1065; x_wconf 89' lang='lat' dir='ltr'>aor.</span> <span class='ocrx_word' id='word_1_50' title='bbox 903 1005 992 1067; x_wconf 89' lang='lat' dir='ltr'>verbi</span> <span class='ocrx_word' id='word_1_51' title='bbox 1005 1007 1134 1072; x_wconf 89' lang='lat' dir='ltr'>barbari</span> <span class='ocrx_word' id='word_1_52' title='bbox 1154 1028 1234 1090; x_wconf 84' lang='grc' dir='ltr'>συμ-</span> 
     </span>
     <span class='ocr_line' id='line_1_8' title="bbox 123 1116 1232 1211; baseline 0.014 -31"><span class='ocrx_word' id='word_1_53' title='bbox 123 1116 266 1195; x_wconf 53' lang='lat' dir='ltr'>aeaego,</span> <span class='ocrx_word' id='word_1_54' title='bbox 294 1121 376 1200; x_wconf 85' lang='lat' dir='ltr'>quod</span> <span class='ocrx_word' id='word_1_55' title='bbox 404 1122 511 1182; x_wconf 90' lang='lat' dir='ltr'>omisit</span> <span class='ocrx_word' id='word_1_56' title='bbox 535 1122 726 1204; x_wconf 89' lang='lat' dir='ltr'>Ducangius</span> <span class='ocrx_word' id='word_1_57' title='bbox 753 1125 790 1186; x_wconf 92' lang='lat' dir='ltr'>in</span> <span class='ocrx_word' id='word_1_58' title='bbox 818 1122 992 1188; x_wconf 87' lang='lat' dir='ltr'>Glossario.</span> <span class='ocrx_word' id='word_1_59' title='bbox 1051 1126 1129 1211; x_wconf 85' lang='lat' dir='ltr'>Ejus</span> <span class='ocrx_word' id='word_1_60' title='bbox 1160 1129 1232 1195; x_wconf 89' lang='lat' dir='ltr'>loco</span> 
     </span>
     <span class='ocr_line' id='line_1_9' title="bbox 88 1232 1235 1333; baseline 0.01 -29"><span class='ocrx_word' id='word_1_61' title='bbox 88 1284 103 1333; x_wconf 80' lang='lat'>;</span> <span class='ocrx_word' id='word_1_62' title='bbox 122 1243 230 1305; x_wconf 87' lang='lat' dir='ltr'>hodie</span> <span class='ocrx_word' id='word_1_63' title='bbox 253 1252 289 1303; x_wconf 91' lang='lat' dir='ltr'>ut</span> <span class='ocrx_word' id='word_1_64' title='bbox 311 1241 514 1320; x_wconf 89' lang='lat' dir='ltr'>antiquorum</span> <span class='ocrx_word' id='word_1_65' title='bbox 536 1253 641 1303; x_wconf 89' lang='lat' dir='ltr'>aetate</span> <span class='ocrx_word' id='word_1_66' title='bbox 663 1232 847 1321; x_wconf 73' lang='grc' dir='ltr'>συμπάσχω</span> <span class='ocrx_word' id='word_1_67' title='bbox 869 1245 990 1320; x_wconf 85' lang='lat' dir='ltr'>dicunt,</span> <span class='ocrx_word' id='word_1_68' title='bbox 1012 1267 1110 1329; x_wconf 87' lang='lat' dir='ltr'>aquo</span> <span class='ocrx_word' id='word_1_69' title='bbox 1127 1250 1235 1316; x_wconf 85' lang='lat' dir='ltr'>differt</span> 
     </span>
     <span class='ocr_line' id='line_1_10' title="bbox 88 1344 1233 1452; baseline 0.013 -30"><span class='ocrx_word' id='word_1_70' title='bbox 88 1344 93 1353; x_wconf 38' lang='lat'>³</span> <span class='ocrx_word' id='word_1_71' title='bbox 120 1360 316 1442; x_wconf 61' lang='grc' dir='ltr'><em>συμπαβῶ,</em></span> <span class='ocrx_word' id='word_1_72' title='bbox 345 1362 427 1442; x_wconf 89' lang='lat' dir='ltr'>quod</span> <span class='ocrx_word' id='word_1_73' title='bbox 453 1363 614 1446; x_wconf 86' lang='lat' dir='ltr'>prioribus</span> <span class='ocrx_word' id='word_1_74' title='bbox 639 1364 777 1427; x_wconf 90' lang='lat' dir='ltr'>saeculis</span> <span class='ocrx_word' id='word_1_75' title='bbox 806 1366 973 1431; x_wconf 89' lang='lat' dir='ltr'>simillima</span> <span class='ocrx_word' id='word_1_76' title='bbox 993 1370 1233 1452; x_wconf 85' lang='lat' dir='ltr'>significatione</span> 
     </span>
     <span class='ocr_line' id='line_1_11' title="bbox 121 1471 1302 1566; baseline 0.014 -20"><span class='ocrx_word' id='word_1_77' title='bbox 121 1495 210 1548; x_wconf 86' lang='lat' dir='ltr'>erat.</span> <span class='ocrx_word' id='word_1_78' title='bbox 235 1519 277 1528; x_wconf 87' lang='lat'>-</span> <span class='ocrx_word' id='word_1_79' title='bbox 299 1471 354 1557; x_wconf 66' lang='lat' dir='ltr'>riv</span> <span class='ocrx_word' id='word_1_80' title='bbox 373 1472 454 1558; x_wconf 73' lang='grc' dir='ltr'><em>’ὃική</em></span> <span class='ocrx_word' id='word_1_81' title='bbox 474 1506 540 1561; x_wconf 81' lang='grc' dir='ltr'>μου</span> <span class='ocrx_word' id='word_1_82' title='bbox 561 1485 582 1546; x_wconf 89' lang='lat' dir='ltr'>i.</span> <span class='ocrx_word' id='word_1_83' title='bbox 607 1506 633 1547; x_wconf 92' lang='lat' dir='ltr'>e.</span> <span class='ocrx_word' id='word_1_84' title='bbox 657 1480 713 1560; x_wconf 67' lang='grc' dir='ltr'>τὴν</span> <span class='ocrx_word' id='word_1_85' title='bbox 735 1477 840 1562; x_wconf 58' lang='lat' dir='ltr'>torale</span> <span class='ocrx_word' id='word_1_86' title='bbox 859 1510 933 1566; x_wconf 80' lang='grc' dir='ltr'><strong>μου.</strong></span> <span class='ocrx_word' id='word_1_87' title='bbox 984 1490 1033 1553; x_wconf 83' lang='lat' dir='ltr'>cf.</span> <span class='ocrx_word' id='word_1_88' title='bbox 1057 1493 1167 1557; x_wconf 81' lang='lat' dir='ltr'>adnot·</span> <span class='ocrx_word' id='word_1_89' title='bbox 1188 1493 1232 1561; x_wconf 73' lang='lat' dir='ltr'>ad</span> <span class='ocrx_word' id='word_1_90' title='bbox 1298 1514 1302 1519; x_wconf 81' lang='grc'><strong>’</strong></span> 
     </span>
     <span class='ocr_line' id='line_1_12' title="bbox 120 1602 1244 1672; baseline 0.007 0"><span class='ocrx_word' id='word_1_91' title='bbox 120 1628 208 1672; x_wconf 85' lang='lat' dir='ltr'>vers.</span> <span class='ocrx_word' id='word_1_92' title='bbox 233 1603 285 1668; x_wconf 73' lang='lat'>20.</span> <span class='ocrx_word' id='word_1_93' title='bbox 1240 1602 1244 1609; x_wconf 43' lang='lat'>¹</span> 
     </span>
    </p>
   </div>
   <div class='ocr_carea' id='block_1_3' title="bbox 258 1715 1260 1803">
    <p class='ocr_par' dir='ltr' id='par_1_4' title="bbox 258 1715 1260 1803">
     <span class='ocr_line' id='line_1_13' title="bbox 258 1715 1260 1803; baseline 0.006 -15"><span class='ocrx_word' id='word_1_94' title='bbox 258 1726 302 1788; x_wconf 90' lang='lat' dir='ltr'>V.</span> <span class='ocrx_word' id='word_1_95' title='bbox 328 1724 401 1789; x_wconf 87' lang='grc'><strong>197.</strong></span> <span class='ocrx_word' id='word_1_96' title='bbox 445 1723 537 1784; x_wconf 77' lang='grc' dir='ltr'>πᾶσα</span> <span class='ocrx_word' id='word_1_97' title='bbox 559 1715 602 1796; x_wconf 75' lang='grc' dir='ltr'>εἷς</span> <span class='ocrx_word' id='word_1_98' title='bbox 624 1727 675 1790; x_wconf 85' lang='lat' dir='ltr'>vel</span> <span class='ocrx_word' id='word_1_99' title='bbox 696 1724 787 1788; x_wconf 72' lang='grc' dir='ltr'>πᾶσα</span> <span class='ocrx_word' id='word_1_100' title='bbox 810 1721 884 1799; x_wconf 70' lang='grc' dir='ltr'>ἕνας</span> <span class='ocrx_word' id='word_1_101' title='bbox 910 1732 1071 1799; x_wconf 79' lang='lat' dir='ltr'>soloeoum</span> <span class='ocrx_word' id='word_1_102' title='bbox 1099 1747 1133 1800; x_wconf 82' lang='lat' dir='ltr'>et</span> <span class='ocrx_word' id='word_1_103' title='bbox 1157 1739 1229 1803; x_wconf 79' lang='lat' dir='ltr'>bar.</span> <span class='ocrx_word' id='word_1_104' title='bbox 1254 1741 1260 1749; x_wconf 86' lang='lat'>&#39;</span> 
     </span>
    </p>
   </div>
   <div class='ocr_carea' id='block_1_4' title="bbox 88 1837 1321 4142">
    <p class='ocr_par' dir='ltr' id='par_1_5' title="bbox 97 1837 1229 2304">
     <span class='ocr_line' id='line_1_14' title="bbox 121 1837 1229 1942; baseline -0.002 -22"><span class='ocrx_word' id='word_1_105' title='bbox 121 1856 238 1920; x_wconf 85' lang='lat' dir='ltr'>berum</span> <span class='ocrx_word' id='word_1_106' title='bbox 266 1869 325 1936; x_wconf 86' lang='lat' dir='ltr'>pro</span> <span class='ocrx_word' id='word_1_107' title='bbox 355 1837 495 1919; x_wconf 68' lang='grc' dir='ltr'><strong>ἕκαστος.</strong></span> <span class='ocrx_word' id='word_1_108' title='bbox 545 1847 621 1911; x_wconf 90' lang='lat' dir='ltr'>Vid.</span> <span class='ocrx_word' id='word_1_109' title='bbox 653 1849 767 1912; x_wconf 88' lang='lat' dir='ltr'>Corais</span> <span class='ocrx_word' id='word_1_110' title='bbox 793 1843 913 1911; x_wconf 59' lang='lat' dir='ltr'>’Accae</span> <span class='ocrx_word' id='word_1_111' title='bbox 935 1854 1017 1917; x_wconf 87' lang='lat' dir='ltr'>Tom</span> <span class='ocrx_word' id='word_1_112' title='bbox 1038 1855 1073 1918; x_wconf 95' lang='lat' dir='ltr'>Il</span> <span class='ocrx_word' id='word_1_113' title='bbox 1098 1878 1131 1942; x_wconf 89' lang='lat' dir='ltr'>p.</span> <span class='ocrx_word' id='word_1_114' title='bbox 1154 1856 1229 1924; x_wconf 73' lang='grc'><strong>186.</strong></span> 
     </span>
     <span class='ocr_line' id='line_1_15' title="bbox 97 1971 1229 2062; baseline 0.003 -24"><span class='ocrx_word' id='word_1_115' title='bbox 97 1980 101 1985; x_wconf 81' lang='grc'><em>’</em></span> <span class='ocrx_word' id='word_1_116' title='bbox 122 1975 291 2039; x_wconf 89' lang='lat' dir='ltr'>Interdum</span> <span class='ocrx_word' id='word_1_117' title='bbox 320 1972 404 2058; x_wconf 88' lang='lat' dir='ltr'>apud</span> <span class='ocrx_word' id='word_1_118' title='bbox 430 1971 626 2052; x_wconf 82' lang='lat' dir='ltr'>antiquiores</span> <span class='ocrx_word' id='word_1_119' title='bbox 654 1984 766 2056; x_wconf 86' lang='lat' dir='ltr'>poetas</span> <span class='ocrx_word' id='word_1_120' title='bbox 800 1976 1071 2058; x_wconf 85' lang='lat' dir='ltr'>barbarograecos</span> <span class='ocrx_word' id='word_1_121' title='bbox 1097 1977 1229 2062; x_wconf 82' lang='lat' dir='ltr'>legitur,</span> 
     </span>
     <span class='ocr_line' id='line_1_16' title="bbox 124 2083 1228 2184; baseline 0 -23"><span class='ocrx_word' id='word_1_122' title='bbox 124 2099 209 2184; x_wconf 77' lang='lat' dir='ltr'>quod</span> <span class='ocrx_word' id='word_1_123' title='bbox 230 2095 327 2182; x_wconf 89' lang='lat' dir='ltr'>paulo</span> <span class='ocrx_word' id='word_1_124' title='bbox 351 2105 400 2156; x_wconf 88' lang='lat' dir='ltr'>est</span> <span class='ocrx_word' id='word_1_125' title='bbox 422 2095 555 2172; x_wconf 79' lang='lat' dir='ltr'>rectius,</span> <span class='ocrx_word' id='word_1_126' title='bbox 585 2090 647 2162; x_wconf 73' lang='grc' dir='ltr'>πᾶς</span> <span class='ocrx_word' id='word_1_127' title='bbox 676 2083 748 2163; x_wconf 69' lang='grc' dir='ltr'>ἕνας</span> <span class='ocrx_word' id='word_1_128' title='bbox 775 2095 825 2158; x_wconf 89' lang='lat' dir='ltr'>vel</span> <span class='ocrx_word' id='word_1_129' title='bbox 845 2098 1050 2178; x_wconf 85' lang='lat' dir='ltr'>conjunctim</span> <span class='ocrx_word' id='word_1_130' title='bbox 1077 2092 1228 2170; x_wconf 77' lang='grc' dir='ltr'><strong>πασένας.</strong></span> 
     </span>
     <span class='ocr_line' id='line_1_17' title="bbox 114 2207 1226 2304; baseline -0.003 -19"><span class='ocrx_word' id='word_1_131' title='bbox 114 2217 229 2285; x_wconf 79' lang='grc' dir='ltr'><strong>Ηοᾱίο</strong></span> <span class='ocrx_word' id='word_1_132' title='bbox 251 2238 310 2304; x_wconf 86' lang='lat' dir='ltr'>pro</span> <span class='ocrx_word' id='word_1_133' title='bbox 326 2215 378 2279; x_wconf 89' lang='lat' dir='ltr'>his</span> <span class='ocrx_word' id='word_1_134' title='bbox 398 2216 611 2279; x_wconf 86' lang='lat' dir='ltr'>locutionibus</span> <span class='ocrx_word' id='word_1_135' title='bbox 627 2216 743 2277; x_wconf 88' lang='lat' dir='ltr'>dieitur</span> <span class='ocrx_word' id='word_1_136' title='bbox 757 2237 777 2278; x_wconf 92' lang='lat' dir='ltr'>a</span> <span class='ocrx_word' id='word_1_137' title='bbox 792 2217 888 2298; x_wconf 88' lang='lat' dir='ltr'>vulgo</span> <span class='ocrx_word' id='word_1_138' title='bbox 905 2207 991 2287; x_wconf 58' lang='grc' dir='ltr'>κάβε</span> <span class='ocrx_word' id='word_1_139' title='bbox 1007 2218 1058 2281; x_wconf 86' lang='lat' dir='ltr'>vel</span> <span class='ocrx_word' id='word_1_140' title='bbox 1073 2213 1226 2290; x_wconf 58' lang='grc' dir='ltr'><strong>καβέυας.</strong></span> 
     </span>
    </p>

    <p class='ocr_par' dir='ltr' id='par_1_6' title="bbox 123 2324 1228 2553">
     <span class='ocr_line' id='line_1_18' title="bbox 258 2324 1228 2421; baseline 0 -19"><span class='ocrx_word' id='word_1_141' title='bbox 258 2340 301 2402; x_wconf 92' lang='lat' dir='ltr'>V.</span> <span class='ocrx_word' id='word_1_142' title='bbox 328 2337 401 2404; x_wconf 84' lang='lat'><strong>198.</strong></span> <span class='ocrx_word' id='word_1_143' title='bbox 445 2325 551 2416; x_wconf 78' lang='grc' dir='ltr'><em>λάβαν</em></span> <span class='ocrx_word' id='word_1_144' title='bbox 573 2339 594 2399; x_wconf 88' lang='lat' dir='ltr'>i.</span> <span class='ocrx_word' id='word_1_145' title='bbox 619 2360 646 2400; x_wconf 92' lang='lat' dir='ltr'>e.</span> <span class='ocrx_word' id='word_1_146' title='bbox 671 2324 802 2418; x_wconf 68' lang='grc' dir='ltr'><strong><em>ἕλαβαν,</em></strong></span> <span class='ocrx_word' id='word_1_147' title='bbox 824 2341 923 2403; x_wconf 88' lang='lat' dir='ltr'>attice</span> <span class='ocrx_word' id='word_1_148' title='bbox 946 2328 1069 2421; x_wconf 74' lang='grc' dir='ltr'><strong>ἔλαβον.</strong></span> <span class='ocrx_word' id='word_1_149' title='bbox 1092 2375 1136 2390; x_wconf 84' lang='grc'><strong>-</strong></span> <span class='ocrx_word' id='word_1_150' title='bbox 1158 2363 1228 2402; x_wconf 77' lang='grc' dir='ltr'><strong>παι.</strong></span> 
     </span>
     <span class='ocr_line' id='line_1_19' title="bbox 123 2444 664 2553; baseline -0.011 -27"><span class='ocrx_word' id='word_1_151' title='bbox 123 2455 182 2526; x_wconf 79' lang='grc' dir='ltr'>διά</span> <span class='ocrx_word' id='word_1_152' title='bbox 201 2485 260 2552; x_wconf 85' lang='lat' dir='ltr'>per</span> <span class='ocrx_word' id='word_1_153' title='bbox 281 2463 443 2546; x_wconf 86' lang='lat' dir='ltr'>synizesin</span> <span class='ocrx_word' id='word_1_154' title='bbox 464 2481 523 2547; x_wconf 88' lang='lat' dir='ltr'>pro</span> <span class='ocrx_word' id='word_1_155' title='bbox 545 2444 664 2553; x_wconf 67' lang='lat' dir='ltr'>pozolo.</span> 
     </span>
    </p>

    <p class='ocr_par' dir='ltr' id='par_1_7' title="bbox 88 2573 1321 3776">
     <span class='ocr_line' id='line_1_20' title="bbox 257 2573 1228 2694; baseline 0.004 -51"><span class='ocrx_word' id='word_1_156' title='bbox 257 2588 301 2650; x_wconf 86' lang='lat' dir='ltr'>V.</span> <span class='ocrx_word' id='word_1_157' title='bbox 326 2585 399 2650; x_wconf 80' lang='grc'><strong>199.</strong></span> <span class='ocrx_word' id='word_1_158' title='bbox 443 2573 625 2694; x_wconf 46' lang='grc' dir='ltr'><strong>συωροφιέ</strong></span> <span class='ocrx_word' id='word_1_159' title='bbox 657 2584 678 2644; x_wconf 84' lang='grc'><strong>1.</strong></span> <span class='ocrx_word' id='word_1_160' title='bbox 702 2605 729 2645; x_wconf 87' lang='lat' dir='ltr'>e.</span> <span class='ocrx_word' id='word_1_161' title='bbox 757 2576 964 2662; x_wconf 64' lang='lat' dir='ltr'>omroooiav,</span> <span class='ocrx_word' id='word_1_162' title='bbox 998 2607 1077 2667; x_wconf 91' lang='lat' dir='ltr'>quae</span> <span class='ocrx_word' id='word_1_163' title='bbox 1105 2608 1170 2650; x_wconf 86' lang='lat' dir='ltr'>vox</span> <span class='ocrx_word' id='word_1_164' title='bbox 1192 2589 1228 2653; x_wconf 86' lang='lat' dir='ltr'>in</span> 
     </span>
     <span class='ocr_line' id='line_1_21' title="bbox 88 2701 1228 2793; baseline -0.005 -17"><span class='ocrx_word' id='word_1_165' title='bbox 88 2733 99 2777; x_wconf 88' lang='grc'><strong>.·</strong></span> <span class='ocrx_word' id='word_1_166' title='bbox 122 2713 304 2776; x_wconf 88' lang='lat' dir='ltr'>recentiore</span> <span class='ocrx_word' id='word_1_167' title='bbox 325 2709 440 2792; x_wconf 86' lang='lat' dir='ltr'>lingua</span> <span class='ocrx_word' id='word_1_168' title='bbox 463 2726 588 2792; x_wconf 82' lang='lat' dir='ltr'>semper</span> <span class='ocrx_word' id='word_1_169' title='bbox 611 2705 677 2766; x_wconf 89' lang='lat' dir='ltr'>lere</span> <span class='ocrx_word' id='word_1_170' title='bbox 703 2725 762 2793; x_wconf 88' lang='lat' dir='ltr'>pro</span> <span class='ocrx_word' id='word_1_171' title='bbox 791 2701 956 2768; x_wconf 83' lang='lat' dir='ltr'>comitatu</span> <span class='ocrx_word' id='word_1_172' title='bbox 982 2706 1033 2768; x_wconf 89' lang='lat' dir='ltr'>vel</span> <span class='ocrx_word' id='word_1_173' title='bbox 1062 2703 1228 2770; x_wconf 82' lang='lat' dir='ltr'>societate</span> 
     </span>
     <span class='ocr_line' id='line_1_22' title="bbox 124 2825 1226 2918; baseline -0.005 -21"><span class='ocrx_word' id='word_1_174' title='bbox 124 2835 294 2918; x_wconf 79' lang='lat' dir='ltr'>accipitur.</span> <span class='ocrx_word' id='word_1_175' title='bbox 344 2830 500 2916; x_wconf 87' lang='lat' dir='ltr'>Exempla</span> <span class='ocrx_word' id='word_1_176' title='bbox 529 2827 625 2909; x_wconf 87' lang='lat' dir='ltr'>hujus</span> <span class='ocrx_word' id='word_1_177' title='bbox 653 2825 903 2908; x_wconf 86' lang='lat' dir='ltr'>significationis</span> <span class='ocrx_word' id='word_1_178' title='bbox 931 2847 973 2888; x_wconf 84' lang='lat' dir='ltr'>ex</span> <span class='ocrx_word' id='word_1_179' title='bbox 1000 2829 1226 2891; x_wconf 85' lang='lat' dir='ltr'>vetustioribus</span> 
     </span>
     <span class='ocr_line' id='line_1_23' title="bbox 125 2947 1227 3038; baseline -0.004 -20"><span class='ocrx_word' id='word_1_180' title='bbox 125 2954 259 3038; x_wconf 87' lang='lat' dir='ltr'>scriptis</span> <span class='ocrx_word' id='word_1_181' title='bbox 272 2953 395 3038; x_wconf 87' lang='lat' dir='ltr'>vulgari</span> <span class='ocrx_word' id='word_1_182' title='bbox 410 2971 557 3016; x_wconf 87' lang='lat' dir='ltr'>sermone</span> <span class='ocrx_word' id='word_1_183' title='bbox 573 2950 726 3012; x_wconf 87' lang='lat' dir='ltr'>confectis</span> <span class='ocrx_word' id='word_1_184' title='bbox 742 2947 872 3030; x_wconf 87' lang='lat' dir='ltr'>collegit</span> <span class='ocrx_word' id='word_1_185' title='bbox 887 2948 1077 3033; x_wconf 87' lang='lat' dir='ltr'>Ducangius</span> <span class='ocrx_word' id='word_1_186' title='bbox 1094 2951 1176 3013; x_wconf 88' lang='lat' dir='ltr'>Tom</span> <span class='ocrx_word' id='word_1_187' title='bbox 1191 2950 1227 3015; x_wconf 92' lang='lat' dir='ltr'>II</span> 
     </span>
     <span class='ocr_line' id='line_1_24' title="bbox 122 3072 1225 3164; baseline -0.003 -23"><span class='ocrx_word' id='word_1_188' title='bbox 122 3096 198 3164; x_wconf 87' lang='lat' dir='ltr'>pag.</span> <span class='ocrx_word' id='word_1_189' title='bbox 230 3073 323 3140; x_wconf 72' lang='lat'>1490.</span> <span class='ocrx_word' id='word_1_190' title='bbox 373 3074 467 3138; x_wconf 87' lang='lat' dir='ltr'>Hane</span> <span class='ocrx_word' id='word_1_191' title='bbox 494 3073 781 3157; x_wconf 78' lang='lat' dir='ltr'>significationem,</span> <span class='ocrx_word' id='word_1_192' title='bbox 814 3091 908 3152; x_wconf 88' lang='lat' dir='ltr'>quam</span> <span class='ocrx_word' id='word_1_193' title='bbox 935 3075 1064 3155; x_wconf 88' lang='lat' dir='ltr'>rejectis</span> <span class='ocrx_word' id='word_1_194' title='bbox 1091 3072 1225 3155; x_wconf 84' lang='lat' dir='ltr'>reliquis</span> 
     </span>
     <span class='ocr_line' id='line_1_25' title="bbox 122 3195 1224 3286; baseline -0.005 -23"><span class='ocrx_word' id='word_1_195' title='bbox 122 3221 223 3286; x_wconf 88' lang='lat' dir='ltr'>prope</span> <span class='ocrx_word' id='word_1_196' title='bbox 244 3197 505 3264; x_wconf 88' lang='lat' dir='ltr'>solam&#39;retinuit</span> <span class='ocrx_word' id='word_1_197' title='bbox 525 3197 655 3258; x_wconf 88' lang='lat' dir='ltr'>citerior</span> <span class='ocrx_word' id='word_1_198' title='bbox 678 3195 847 3278; x_wconf 82' lang='lat' dir='ltr'>graecitas,</span> <span class='ocrx_word' id='word_1_199' title='bbox 870 3195 1035 3273; x_wconf 87' lang='lat' dir='ltr'>antiquam</span> <span class='ocrx_word' id='word_1_200' title='bbox 1057 3216 1127 3257; x_wconf 89' lang='lat' dir='ltr'>esse</span> <span class='ocrx_word' id='word_1_201' title='bbox 1150 3216 1224 3263; x_wconf 87' lang='lat' dir='ltr'>con-</span> 
     </span>
     <span class='ocr_line' id='line_1_26' title="bbox 122 3313 1224 3401; baseline -0.006 -15"><span class='ocrx_word' id='word_1_202' title='bbox 122 3333 198 3386; x_wconf 84' lang='lat' dir='ltr'>stat.</span> <span class='ocrx_word' id='word_1_203' title='bbox 247 3318 388 3383; x_wconf 91' lang='lat' dir='ltr'>Consule</span> <span class='ocrx_word' id='word_1_204' title='bbox 410 3318 647 3380; x_wconf 62' lang='lat' dir='ltr'>[londinensem</span> <span class='ocrx_word' id='word_1_205' title='bbox 662 3316 821 3380; x_wconf 84' lang='lat' dir='ltr'>Thesauri</span> <span class='ocrx_word' id='word_1_206' title='bbox 836 3313 1029 3401; x_wconf 84' lang='lat' dir='ltr'>Steplrauioi</span> <span class='ocrx_word' id='word_1_207' title='bbox 1051 3315 1224 3379; x_wconf 90' lang='lat' dir='ltr'>editionem</span> 
     </span>
     <span class='ocr_line' id='line_1_27' title="bbox 121 3428 1225 3525; baseline -0.009 -15"><span class='ocrx_word' id='word_1_208' title='bbox 121 3467 147 3510; x_wconf 85' lang='lat' dir='ltr'>s.</span> <span class='ocrx_word' id='word_1_209' title='bbox 173 3444 206 3508; x_wconf 91' lang='lat' dir='ltr'>h.</span> <span class='ocrx_word' id='word_1_210' title='bbox 230 3465 259 3506; x_wconf 88' lang='lat' dir='ltr'>v.</span> <span class='ocrx_word' id='word_1_211' title='bbox 310 3441 403 3505; x_wconf 87' lang='lat' dir='ltr'>Raro</span> <span class='ocrx_word' id='word_1_212' title='bbox 431 3432 604 3520; x_wconf 72' lang='grc' dir='ltr'><em>συντροφία</em></span> <span class='ocrx_word' id='word_1_213' title='bbox 631 3459 691 3525; x_wconf 87' lang='lat' dir='ltr'>pro</span> <span class='ocrx_word' id='word_1_214' title='bbox 718 3428 885 3517; x_wconf 66' lang='lat' dir='ltr'>ocimooqroc</span> <span class='ocrx_word' id='word_1_215' title='bbox 912 3438 1046 3512; x_wconf 72' lang='lat' dir='ltr'>dicitur,</span> <span class='ocrx_word' id='word_1_216' title='bbox 1074 3446 1110 3498; x_wconf 85' lang='lat' dir='ltr'>ut</span> <span class='ocrx_word' id='word_1_217' title='bbox 1138 3437 1225 3500; x_wconf 85' lang='lat' dir='ltr'>inira</span> 
     </span>
     <span class='ocr_line' id='line_1_28' title="bbox 119 3554 1321 3648; baseline -0.01 -15"><span class='ocrx_word' id='word_1_218' title='bbox 119 3589 216 3634; x_wconf 89' lang='lat' dir='ltr'>versu</span> <span class='ocrx_word' id='word_1_219' title='bbox 244 3563 320 3630; x_wconf 86' lang='grc'><strong>388.</strong></span> <span class='ocrx_word' id='word_1_220' title='bbox 371 3566 453 3627; x_wconf 86' lang='lat' dir='ltr'>Tum</span> <span class='ocrx_word' id='word_1_221' title='bbox 480 3565 580 3648; x_wconf 84' lang='lat' dir='ltr'>igitur</span> <span class='ocrx_word' id='word_1_222' title='bbox 607 3562 792 3627; x_wconf 85' lang='lat' dir='ltr'>vertendum</span> <span class='ocrx_word' id='word_1_223' title='bbox 821 3570 871 3623; x_wconf 88' lang='lat' dir='ltr'>est</span> <span class='ocrx_word' id='word_1_224' title='bbox 896 3556 1078 3634; x_wconf 79' lang='lat' dir='ltr'>sociorum,</span> <span class='ocrx_word' id='word_1_225' title='bbox 1100 3554 1223 3622; x_wconf 74' lang='lat' dir='ltr'>antico·</span> <span class='ocrx_word' id='word_1_226' title='bbox 1315 3640 1321 3648; x_wconf 19' lang='grc' dir='ltr'><em>ν</em></span> 
     </span>
     <span class='ocr_line' id='line_1_29' title="bbox 117 3684 624 3776; baseline -0.02 -19"><span class='ocrx_word' id='word_1_227' title='bbox 117 3713 208 3767; x_wconf 84' lang='lat' dir='ltr'>rum,</span> <span class='ocrx_word' id='word_1_228' title='bbox 221 3684 460 3776; x_wconf 79' lang='lat' dir='ltr'>furniliorium</span> <span class='ocrx_word' id='word_1_229' title='bbox 484 3688 624 3750; x_wconf 88' lang='lat' dir='ltr'>nomine.</span> 
     </span>
    </p>

    <p class='ocr_par' dir='ltr' id='par_1_8' title="bbox 113 3803 1226 4142">
     <span class='ocr_line' id='line_1_30' title="bbox 257 3803 1224 3888; baseline -0.007 -15"><span class='ocrx_word' id='word_1_230' title='bbox 257 3811 306 3873; x_wconf 49' lang='lat' dir='ltr'>Vr</span> <span class='ocrx_word' id='word_1_231' title='bbox 324 3809 399 3876; x_wconf 77' lang='lat'><strong>200.</strong></span> <span class='ocrx_word' id='word_1_232' title='bbox 444 3811 495 3876; x_wconf 88' lang='lat' dir='ltr'>De</span> <span class='ocrx_word' id='word_1_233' title='bbox 525 3803 600 3869; x_wconf 76' lang='grc' dir='ltr'>ποτέ</span> <span class='ocrx_word' id='word_1_234' title='bbox 617 3831 683 3888; x_wconf 80' lang='grc' dir='ltr'>μου</span> <span class='ocrx_word' id='word_1_235' title='bbox 711 3808 772 3870; x_wconf 88' lang='lat' dir='ltr'>vid.</span> <span class='ocrx_word' id='word_1_236' title='bbox 797 3805 903 3867; x_wconf 84' lang='lat' dir='ltr'>adnot.</span> <span class='ocrx_word' id='word_1_237' title='bbox 933 3806 974 3867; x_wconf 84' lang='lat' dir='ltr'>ad</span> <span class='ocrx_word' id='word_1_238' title='bbox 1000 3826 1081 3870; x_wconf 89' lang='lat' dir='ltr'>vers.</span> <span class='ocrx_word' id='word_1_239' title='bbox 1105 3803 1158 3868; x_wconf 86' lang='lat'>75.</span> <span class='ocrx_word' id='word_1_240' title='bbox 1181 3837 1224 3850; x_wconf 88' lang='lat'>··—</span> 
     </span>
     <span class='ocr_line' id='line_1_31' title="bbox 116 3916 1225 4020; baseline -0.01 -19"><span class='ocrx_word' id='word_1_241' title='bbox 116 3932 227 4017; x_wconf 70' lang='grc' dir='ltr'><em>ἅφινα</em></span> <span class='ocrx_word' id='word_1_242' title='bbox 250 3934 266 3998; x_wconf 89' lang='grc'><strong>1</strong></span> <span class='ocrx_word' id='word_1_243' title='bbox 292 3954 376 4020; x_wconf 76' lang='lat' dir='ltr'>pers.</span> <span class='ocrx_word' id='word_1_244' title='bbox 399 3935 484 4015; x_wconf 83' lang='lat' dir='ltr'>sing.</span> <span class='ocrx_word' id='word_1_245' title='bbox 505 3931 585 4017; x_wconf 85' lang='lat' dir='ltr'>Imp.</span> <span class='ocrx_word' id='word_1_246' title='bbox 609 3917 670 3993; x_wconf 70' lang='lat' dir='ltr'>aot.</span> <span class='ocrx_word' id='word_1_247' title='bbox 693 3933 776 3998; x_wconf 76' lang='lat' dir='ltr'>verb.</span> <span class='ocrx_word' id='word_1_248' title='bbox 799 3916 920 4002; x_wconf 77' lang='grc' dir='ltr'><em>ἀφῖυω,</em></span> <span class='ocrx_word' id='word_1_249' title='bbox 947 3928 986 3990; x_wconf 80' lang='lat' dir='ltr'>tle</span> <span class='ocrx_word' id='word_1_250' title='bbox 1008 3947 1069 4007; x_wconf 89' lang='lat' dir='ltr'>quo</span> <span class='ocrx_word' id='word_1_251' title='bbox 1092 3928 1160 3990; x_wconf 79' lang='lat' dir='ltr'>(lixi</span> <span class='ocrx_word' id='word_1_252' title='bbox 1183 3928 1225 3990; x_wconf 84' lang='lat' dir='ltr'>ad</span> 
     </span>
     <span class='ocr_line' id='line_1_32' title="bbox 113 4038 1226 4142; baseline -0.021 -12"><span class='ocrx_word' id='word_1_253' title='bbox 113 4082 206 4131; x_wconf 89' lang='lat' dir='ltr'>vers.</span> <span class='ocrx_word' id='word_1_254' title='bbox 231 4055 307 4122; x_wconf 81' lang='lat'><strong>136.</strong></span> <span class='ocrx_word' id='word_1_255' title='bbox 328 4093 371 4105; x_wconf 93' lang='lat'><em>-</em></span> <span class='ocrx_word' id='word_1_256' title='bbox 392 4050 504 4138; x_wconf 77' lang='grc' dir='ltr'><strong><em>’βγοῦυ</em></strong></span> <span class='ocrx_word' id='word_1_257' title='bbox 525 4049 667 4142; x_wconf 82' lang='lat' dir='ltr'>explicui</span> <span class='ocrx_word' id='word_1_258' title='bbox 695 4053 736 4115; x_wconf 89' lang='lat' dir='ltr'>ad</span> <span class='ocrx_word' id='word_1_259' title='bbox 763 4067 843 4115; x_wconf 77' lang='lat' dir='ltr'>vers</span> <span class='ocrx_word' id='word_1_260' title='bbox 869 4046 941 4114; x_wconf 84' lang='grc'><strong>185.</strong></span> <span class='ocrx_word' id='word_1_261' title='bbox 971 4083 1014 4095; x_wconf 89' lang='grc'><strong>-</strong></span> <span class='ocrx_word' id='word_1_262' title='bbox 1043 4038 1107 4109; x_wconf 75' lang='grc' dir='ltr'>ἀπὸ</span> <span class='ocrx_word' id='word_1_263' title='bbox 1127 4040 1226 4109; x_wconf 68' lang='lat' dir='ltr'>morai</span> 
     </span>
    </p>
   </div>
   <div class='ocr_carea' id='block_1_5' title="bbox 0 0 1346 4740">
    <p class='ocr_par' dir='ltr' id='par_1_9' title="bbox 0 0 1346 4740">
     <span class='ocr_line' id='line_1_33' title="bbox 0 0 1346 4740; baseline 0 3"><span class='ocrx_word' id='word_1_264' title='bbox 0 0 1346 4740; x_wconf 95' lang='lat' dir='ltr'> </span> 
     </span>
    </p>
   </div>
  </div>
 </body>
</html>
