2684 4740
324 406 367 469 V.
392 403 444 470 72.
489 393 644 464 κάνουοιν
675 403 759 467 idem
793 413 889 466 sonat
926 405 1009 485 quod
1042 395 1244 483 κάμνουσιν.
1268 439 1305 452 -

193 523 310 592 κάλλια
332 541 480 592 neutrum
503 527 638 613 pluralis
656 528 781 590 numeri
802 528 1011 614 comparativi
1034 528 1183 591 adverbii
1207 531 1304 592 vicem

194 654 335 740 explens.
381 652 567 714 Notandum
590 644 679 730 vero,
698 671 718 714 a
734 649 961 735 comparativis
984 650 1019 711 in
1042 673 1087 707 ων
1110 655 1302 716 exeuntibus

192 778 229 839 in
257 776 414 838 deteriore
442 785 676 860 postremorum
707 773 910 836 saeculorum
941 773 1123 855 graecitate
1155 795 1302 839 manasse

193 900 292 962 aliam
319 899 455 960 sormam
486 898 628 980 ejusdem
655 898 841 981 potestatis,
870 899 961 978 cujus
989 896 1109 980 positio
1140 914 1175 966 ος
1200 909 1300 979 est,a

192 1022 284 1108 plebe
306 1022 445 1083 maxime
467 1030 618 1083 amatam.
670 1015 728 1081 Sic
751 1019 852 1101 igitur
873 1018 975 1086 πλεῖος
997 1038 1056 1103 pro
1079 1012 1215 1096 πλείων,
1243 1024 1299 1101 pel.

193 1150 243 1218 ξος
260 1165 318 1230 pro
335 1120 459 1223 μείζων,
474 1132 603 1211 κᾶλλως
617 1162 676 1227 pro
691 1131 831 1200 καλλίων
846 1159 927 1202 nove
942 1142 1163 1227 procuderant
1177 1144 1296 1208 Graeci·

192 1267 281 1331 Fieri
303 1279 412 1329 tamen
434 1276 557 1350 potest,
580 1274 616 1326 ut
639 1264 794 1344 quaedam
823 1260 937 1326 harum
965 1265 1143 1327 formarum
1174 1269 1212 1329 in
1237 1267 1294 1352 ple·

191 1392 263 1470 beja
291 1399 433 1451 veterum
461 1386 574 1468 lingua
598 1388 669 1467 jam
697 1385 892 1448 exstiterint.
946 1386 995 1449 Cl.
1020 1385 1093 1448 Cor.
1120 1389 1163 1451 ad
1188 1390 1292 1453 Prodr.
1329 1462 1332 1469 .

191 1510 246 1573 lib·
271 1511 288 1572 Ι
309 1531 340 1594 p·
366 1506 418 1572 52.
464 1506 629 1591 Imprimis
657 1518 765 1568 autem
788 1519 965 1570 memoratu
987 1509 1120 1591 dignum
1149 1524 1219 1593 est,
1247 1534 1293 1599 po·

191 1633 336 1718 pularem
364 1630 516 1711 loquendi
544 1628 703 1691 rationem
726 1629 792 1691 lere
813 1650 945 1715 prorsus
973 1650 1126 1716 respuere
1149 1635 1292 1698 adverbia

191 1757 227 1818 in
250 1777 290 1823 ως
313 1753 478 1832 cadentia,
501 1771 560 1836 pro
584 1752 696 1831 quibus
719 1762 834 1814 neutra
856 1753 1010 1837 plurativi
1032 1756 1160 1816 numeri
1185 1758 1222 1819 in
1242 1778 1291 1819 usu

191 1887 277 1956 sunt,
301 1897 382 1956 quae
404 1876 565 1955 antiquos,
588 1874 617 1935 si
641 1894 660 1936 a
683 1872 888 1958 superlativis
905 1878 1086 1956 recesseris,
1112 1879 1228 1958 quibus
1242 1880 1292 1941 illa

192 2008 385 2084 competunt,
409 1997 538 2082 saepius
562 1997 688 2077 quidem
710 1997 745 2058 in
763 1999 967 2077 carminibus,
983 2000 1150 2063 rarissime
1167 2022 1243 2064 vero
1260 2003 1291 2064 in

189 2122 332 2209 pedestri
360 2121 506 2183 oratione
534 2120 570 2182 in
599 2118 822 2182 adverbiorum
844 2120 950 2182 locum
973 2121 1138 2185 suffecisse
1159 2135 1291 2187 constat.

189 2244 266 2308 Vid.
294 2242 414 2306 Matth.
444 2243 501 2305 Gr.
525 2241 580 2304 Gr.
612 2239 639 2326 ᾧ
664 2238 728 2305 tlt
756 2264 788 2327 p.
812 2239 876 2306 833
896 2243 952 2346 ¹ed.
977 2242 1020 2306 ΙΙ.
1067 2245 1175 2308 Pauca
1197 2244 1293 2328 hujus

190 2366 318 2453 generis
341 2365 487 2450 exempla
510 2365 693 2448 suppeditat
707 2363 893 2447 Xenophon
915 2386 944 2427 v.
960 2387 986 2427 e.
1003 2367 1112 2431 Anab·
1131 2367 1192 2448 lV,
1208 2367 1237 2447 l,
1254 2367 1290 2432 ll

188 2482 245 2551 καὶ
267 2477 394 2568 &rupturi
415 2476 622 2564 παρήγγειλεν
637 2478 654 2544 ὃ
671 2482 813 2561 Ξενοφῶν
835 2479 1012 2565 ὑπομένειν,
1032 2478 1084 2556 ὅτε
1096 2484 1138 2550 ὀἱ
1159 2485 1289 2571 πολέμιοι

189 2609 328 2692 ἰσχυρῶς
362 2599 538 2683 ἐπικέοιντο,
571 2609 626 2671 ubi
659 2604 803 2688 ἓαμινῶς
838 2609 946 2672 dicere
979 2612 1108 2675 licebat.
1168 2614 1288 2677 Pariter

188 2734 332 2816 Thucyd.
355 2731 410 2795 llh.
433 2731 451 2795 I
474 2751 542 2816 cap.
567 2728 596 2793 6.
625 2721 798 2806 ἀποδείξειέ
821 2748 865 2800 τις
892 2722 927 2791 rd
954 2723 1090 2792 παλαιὸν
1115 2722 1288 2814 Ἕλληνικδν

188 2844 374 2936 ὁμοιότροπα
395 2850 436 2930 τῷ
457 2851 517 2911 νῦν
538 2850 720 2933 βαρβαρικῷ
747 2842 964 2934 διαιτώμενον,
993 2857 1048 2919 ubi
1076 2858 1142 2920 dici
1169 2869 1287 2944 poterat

188 2964 400 3057 ὁμοιοτρόπως.
432 2974 537 3037 Hodie
559 2975 659 3057 igitur
681 2976 770 3060 plebs
786 2971 970 3057 dptelrpca‘vot
984 2998 1042 3062 pro
1060 2971 1204 3059 riprende,
1215 2979 1288 3063 quod

187 3098 383 3162 eruditorum
405 3108 475 3176 est,
504 3110 652 3184 usurpat,
682 3091 793 3158 δίκαια
818 3120 877 3184 pro
905 3091 1050 3179 δικαίως,
1083 3091 1211 3163 σπάνια
1235 3122 1288 3192 pro

186 3213 325 3291 σπανίως
347 3232 379 3284 et
400 3234 555 3286 sexcenta
577 3222 643 3285 alia
665 3221 848 3305 hujusmodi
870 3222 958 3285 dicit.

319 3343 362 3409 V.
385 3342 439 3408 73.
483 3337 571 3426 μεόα
602 3341 644 3414 εἰς
676 3347 890 3408 recentiorum
923 3355 1085 3410 structura
1114 3358 1181 3428 est,
1207 3368 1288 3432 -quae

184 3469 369 3554 plerumque
391 3468 578 3530 tantundem
599 3467 694 3548 valet,
717 3480 870 3550 quantum
897 3468 1001 3531 solum
1029 3465 1072 3538 εἷς
1098 3472 1187 3552 opud
1213 3484 1288 3536 vete

184 3609 245 3650 res.
297 3589 537 3671 Nonnunquam
563 3587 694 3675 ponitur
721 3611 780 3676 pro
809 3579 881 3652 ἐ’σω.
933 3590 982 3654 cf.
1012 3592 1160 3674 Ducang.
1189 3594 1289 3658 Gloss

184 3713 266 3775 med.
291 3719 323 3771 et
344 3710 401 3772 inf.
427 3732 474 3794 gr.
498 3733 529 3797 p.
553 3711 629 3777 909.
659 3747 701 3758 -
731 3702 821 3791 βαίνω
839 3732 944 3800 pono,
967 3715 1111 3797 vulgaris
1135 3718 1288 3797 graecita

184 3833 227 3894 tis
255 3831 352 3894 dictio
381 3844 439 3895 est.
495 3833 543 3896 Cl.
573 3854 653 3914 quae
681 3834 767 3897 inira
796 3837 935 3900 diximus
965 3837 1007 3899 ad
1034 3856 1116 3898 vers.
1148 3835 1229 3903 268.
1252 3871 1288 3885 -

184 3953 250 4022 roric
271 3941 415 4021 κάλλιαις
441 3948 613 4034 μυρωδῖαις
639 3976 706 4017 non
741 3959 821 4019 bene
848 3961 943 4022 vertit
974 3956 1108 4022 Crusltls
1139 3958 1288 4026 melioret

183 4071 311 4138 odores.
346 4038 538 4139 kllicendum
561 4089 631 4141 erat
657 4073 801 4162 optimos
823 4061 943 4144 odores
971 4082 1021 4143 vel
1049 4079 1184 4167 optima
1217 4081 1286 4148 cdo

183 4204 350 4260 ramenta.
401 4196 530 4262 Etenim
565 4200 799 4286 comparativus
832 4202 1047 4288 praecedente
1083 4208 1226 4272 articulo
1257 4208 1286 4270 in
