2684 4740
1202 217 1227 290 7·

114 409 189 489 Ao‚‘
202 411 231 471 si
253 419 286 471 te
308 426 489 491 cognovero
512 425 673 470 veracem:
695 402 834 473 iubebis·
850 410 1029 491 amcitiam*
1049 420 1164 495 meam,

115 551 149 602 et
171 550 204 601 te
225 539 440 620 introducam,
464 542 500 602 u't
520 538 630 603 videns
651 558 745 604 omne
767 539 966 606 domicilium
988 548 1103 607 meum·

114 671 225 734 Etiam
247 669 424 757 hospitalia
444 651 578 735 munera
601 671 661 735 tibi
682 671 827 752 (leuab03

115 802 169 867 Ac
183 822 234 864 me
247 802 451 865 reducturum
464 814 497 866 te
512 823 584 868 esse
600 803 753 886 promitto
768 805 829 869 tibi
840 824 953 869 rursus
968 804 1005 869 in
1020 803 1142 884 locum,
1161 804 1217 868 ubi

116 933 234 997 Paludi
256 932 341 1014 huic,
365 953 462 1015 quam
483 934 584 1013 vides,
605 953 667 1019 ego
689 933 852 1016 dominon
881 932 1108 1020 [mucaluisti
1119 944 1208 1001 retro

114 1062 235 1145 Bonis,
258 1084 339 1145 quae
360 1076 439 1128 sunt
461 1063 528 1144 hic,
548 1065 674 1129 eunetis
695 1066 829 1151 impero.

116 1191 380 1275 Physignathnm
401 1215 454 1257 me
476 1193 652 1279 appellant.
698 1196 789 1269 Quin
810 1195 917 1258 dicam
937 1201 970 1258 e't
991 1204 1126 1280 patrem,

118 1323 191 1404 quis
214 1323 267 1402 sit,
290 1324 345 1403 qui
366 1343 417 1388 me
440 1324 564 1408 genuit,
587 1333 620 1387 et
641 1342 724 1405 quoe
744 1325 789 1389 sit
809 1336 922 1389 mater.

116 1453 253 1517 l'elcum
271 1454 366 1518 illum
387 1457 571 1535 nominant,
592 1465 625 1518 et
646 1452 733 1519 hane
753 1437 959 1541 Hygrusiam.

115 1587 222 1651 Ambo
244 1606 297 1648 me
317 1586 505 1668 educarunt,
528 1567 696 1653 cumaliio
717 1588 788 1652 suis
808 1587 918 1653 liberis

116 1719 157 1782 ad
178 1718 362 1782 Eridanum,
376 1716 513 1797 ilumen3
534 1717 603 1781 illic
624 1719 765 1782 Invicem
784 1740 821 1782 ec
840 1731 1072 1804 cognoverunt,

116 1861 225 1912 mutuo
246 1869 282 1912 se
302 1835 503 1928 amaverunt,
524 1857 566 1911 et<
578 1856 656 1912 tune
676 1848 763 1915 mter
784 1871 820 1913 se
841 1851 1046 1917 miscuerunt.
1070 1856 1074 1860 '

116 1981 172 2044 Me
195 1992 271 2044 tunc
291 1990 475 2064 genuerunt
493 1979 536 2044 ati
556 1979 700 2043 lluntitnio
720 1982 819 2066 ripen.

116 2113 181 2176 Dio
203 2112 301 2175 etiam
327 2123 363 2175 tn
385 2131 488 2196 genus
512 2121 612 2189 tuum,
636 2120 669 2190 et
689 2109 804 2172 fiemus
825 2087 939 2187 amici,

116 2253 289 2332 propterea
311 2243 394 2321 quod
416 2252 451 2304 ct
471 2252 507 2304 tn
528 2238 612 2302 mihi
633 2240 753 2305 videris
773 2259 816 2303 ex
836 2249 978 2327 suspectu

118 2399 137 2438 e
161 2376 263 2437 forma
285 2381 319 2434 et
340 2371 472 2451 viribus,
495 2372 641 2435 obtinere
660 2390 806 2456 regnum.

118 2507 210 2569 Tunc
232 2505 263 2567 ci
283 2505 453 2591 respondit
473 2523 543 2568 mus
565 2512 606 2567 au
626 2503 724 2574 dixit:

120 2638 207 2714 Quid
228 2637 358 2716 quaeris
379 2646 481 2717 gntus
503 2635 628 2698 memnl
671 2633 806 2695 Nomen
821 2651 928 2695 meum
950 2635 1070 2697 omitte.

119 2768 279 2831 Omnibus
301 2775 352 2826 ost
373 2774 497 2840 notum,
518 2763 620 2827 Asiae
642 2769 681 2822 et⁴
696 2760 857 2842 Europae,

121 2897 303 2962 volucribus
325 2886 418 2974 coeli,
441 2891 621 2974 diicatque
642 2887 834 2952 hominibus.
930 2897 932 2900 ’

119 3031 290 3107 Attamen,
312 3028 342 3090 si
364 3026 468 3089 viset
490 3033 592 3112 optes,
614 3023 650 3085 in
671 3021 828 3085 memorie
848 3031 886 3084 ut
906 3018 1028 3086 ltaheas

119 3180 239 3225 nomen
261 3159 389 3243 generis
410 3157 484 3233 mei,
507 3165 542 3218 et
563 3163 599 3216 ut
620 3153 654 3215 iu
674 3153 829 3232 retineas,
908 3208 911 3213 .

121 3294 259 3357 libenter
280 3289 340 3354 tibi
362 3289 477 3353 dicam.
521 3283 621 3362 Audi,
642 3282 803 3383 quomodo·
820 3301 922 3346 vocer.

120 3420 377 3507 Psicharpogem
398 3439 450 3482 me
472 3417 594 3494 dicunt,
616 3431 718 3496 neque
740 3412 774 3477 id
795 3431 890 3496 nego.

121 3553 226 3617 Filius
247 3550 450 3631 magnanimi
471 3567 542 3611 sum
564 3538 756 3624 Troxortee,
885 3577 887 3583 ¹

122 3666 177 3748 cui
192 3693 248 3750 ¹est
268 3681 369 3744 barbe
390 3677 488 3759 longe
509 3672 592 3740 sicut
613 3673 706 3738 hirei.

121 3813 233 3879 Mater
252 3830 325 3874 mea
347 3819 397 3873 est
417 3806 547 3886 nobilis,
569 3806 663 3886 quam
685 3771 800 3868 vocant
821 3798 1063 3896 Lichonylon‚'

122 3945 309 4032 plerumque
331 3936 495 4025 (tempus)
516 3936 675 4023 reperitur
696 3931 862 4001 albissima
883 3931 996 4010 labiis;

123 4077 372 4145 Ptemotroctae
394 4069 483 4153 regis
504 4065 722 4131 dieiturfilia.

124 4205 189 4269 llla
210 4225 262 4270 me
284 4202 359 4267 tulit
380 4203 416 4267 in
437 4200 542 4266 lucem
563 4192 596 4260 et
617 4196 655 4266 in
676 4193 800 4259 dulcem
822 4195 960 4271 utrem.
1029 4268 1032 4274 7
1073 4226 1103 4241 ‚,
1141 4200 1159 4227 ¹·
1241 4210 1243 4217 ·
