2684 4740
178 156 263 257 'rau

191 379 269 462 quia
295 376 396 441 alium
426 374 524 440 hahet
556 393 701 455 sensum,
729 373 1034 462 plusquamperfecti
1055 372 1304 463 periphrasilrns

191 498 432 566 adnumeranda
454 509 512 561 est.

321 623 467 685 Transeo
495 620 536 683 ad
563 619 663 685 luturi
689 621 842 709 temporis
869 618 1084 706 periphrases.
1138 620 1298 706 Antiquo-

189 768 262 814 rum
276 748 416 809 futurum
430 734 548 825 γράψω
564 739 724 820 scribom,
744 732 862 818 ποιήσω
875 738 1033 829 sociam,
1054 764 1175 827 vagum
1190 747 1296 812 inlini.

189 886 316 952 tumque
339 869 571 931 recentioribus
593 868 776 931 visum-est
831 867 1044 942 Quamobrem
1072 869 1183 931 varias
1207 890 1293 933 exco-

188 997 334 1079 gitarunt
356 990 626 1070 circumloquendi
649 992 802 1069 rationes,
826 992 949 1070 quibus,
972 1001 1007 1052 ut
1029 991 1118 1053 inter
1138 1012 1177 1053 se
1197 992 1311 1056 diver-⁸

188 1120 245 1199 sis,
268 1118 429 1179 diversum
451 1114 549 1175 etiam
571 1132 702 1176 sensum
725 1113 864 1199 exprimi
885 1133 1017 1175 necesse
1039 1124 1097 1174 est.
1150 1117 1227 1191 Quo
1246 1115 1287 1193 lit,

187 1253 224 1305 ut
243 1238 391 1321 singulae
414 1236 512 1298 futuri
535 1237 688 1321 temporis
711 1238 832 1299 lormae
860 1248 984 1321 partem
1013 1246 1140 1299 tantum
1171 1225 1287 1321 signifi·
1334 1290 1336 1309 ,

187 1363 325 1427 cationis
354 1361 480 1439 antiqui
508 1359 608 1420 iuturi
636 1359 789 1439 reddant,
820 1370 921 1422 totam
944 1362 1013 1441 ejus
1035 1360 1101 1423 vim
1124 1380 1194 1424 non
1215 1364 1283 1425 reie-

184 1497 269 1549 rant
314 1483 355 1545 In
377 1480 429 1544 his
452 1482 551 1543 futuri
573 1482 726 1565 temporis
748 1481 833 1566 apud
856 1466 1050 1545 recentiores
1072 1483 1188 1549 formis
1208 1486 1281 1571 peri-

184 1606 358 1695 phrasticis
380 1604 462 1666 duae
484 1602 636 1682 eminent,
669 1622 802 1683 quarum
825 1603 929 1667 altera
951 1616 1079 1669 constat
1100 1610 1199 1672 tertia
1216 1627 1277 1693 per·
1324 1680 1327 1689 Ι

182 1750 265 1796 sona
285 1729 368 1811 sing.
391 1724 464 1788 lnd.
485 1744 590 1811 praes.
612 1726 701 1790 verbi
722 1718 808 1796 &dio
832 1738 864 1790 et
880 1726 1096 1821 conjunctivo
1118 1728 1273 1817 procavel

182 1874 251 1919 aor.
274 1855 359 1935 ejus,
382 1849 466 1931 quod
488 1849 629 1931 exigitur
656 1850 754 1913 verbi.
807 1852 911 1926 Quam
941 1852 1102 1915 rationem
1130 1854 1163 1917 si
1187 1851 1276 1935 acqui-

181 1998 267 2056 mur,
281 1976 485 2057 antiquorum
500 1963 617 2052 γράψω
635 1962 725 2035 ¹nunc
747 1974 897 2036 vertitur:
921 1965 1007 2060 βέλει
1029 1967 1149 2056 γράφω
1170 1975 1218 2041 vel
1230 1968 1274 2045 itt'-

180 2104 227 2161 λει
254 2088 372 2180 γράψω
400 2087 506 2175 (θέλει
532 2084 661 2176 γράφεις
689 2094 741 2157 vel
768 2091 855 2164 aster
882 2104 1013 2177 γραψῃς
1040 2099 1124 2179 etc.)
1170 2098 1273 2163 Utrum

181 2222 411 2308 conjunctivus
433 2219 624 2303 praesentis,
647 2238 692 2281 an
713 2219 827 2283 aoristi
849 2231 999 2304 ponatur,
1022 2219 1162 2285 multum
1182 2224 1273 2287 refert

179 2346 248 2411 Sed
271 2346 346 2426 quia
366 2353 479 2405 notam
502 2340 587 2404 hanc
609 2341 824 2405 differentiam
847 2344 976 2427 opinor,
1006 2363 1088 2425 quac
1110 2346 1197 2409 inter
1215 2365 1269 2407 mo·

178 2469 236 2532 dos
259 2465 438 2550 praesentis
461 2474 493 2525 et
515 2463 632 2525 aoristi
654 2464 834 2543 intercedit,
856 2484 997 2546 quaeque
1013 2487 1032 2529 a
1048 2488 1100 2531 rue
1116 2469 1266 2555 alilipau·

179 2592 225 2657 cis
248 2588 436 2652 adumbrata
456 2596 516 2666 cst,
539 2585 612 2649 ideo
634 2606 706 2650 eam
732 2585 786 2651 lric
806 2588 937 2651 silentio
959 2601 1141 2674 praetereo.
1168 2592 1269 2659 Atcur

178 2714 295 2777 Graeci
318 2710 372 2773 lrio
394 2703 481 2780 &diet
503 2710 628 2785 dicant,
657 2710 691 2773 id
712 2730 734 2773 a
755 2711 884 2773 nemine
907 2711 1109 2777 enucleatum
1142 2714 1265 2801 repperi.

175 2837 256 2914 Res,
279 2836 344 2896 nisi
367 2835 472 2910 fallor,
494 2836 542 2896 sio
564 2855 599 2897 se
622 2833 727 2895 lraitet.
783 2813 872 2894 &alter
900 2836 936 2897 in
963 2834 1027 2899 hoc
1053 2836 1206 2919 loquendi
1225 2858 1269 2920 gc·

174 2978 252 3022 nere
274 2958 404 3018 verbum
426 2954 643 3038 impersonale
665 2968 725 3018 est.
772 2959 880 3032 Quare
902 2960 931 3021 si
953 2959 1054 3022 latine
1076 2962 1175 3046 paulo
1195 2962 1269 3025 inso-

173 3080 292 3143 lentius
324 3075 412 3158 loqui
445 3088 478 3138 et
507 3076 548 3139 ad
575 3074 718 3140 litteram
747 3079 813 3142 lere
840 3079 926 3145 hane
958 3082 1168 3168 periphrasin
1193 3078 1268 3157 aaa

172 3191 287 3285 γράφω
309 3199 359 3265 Vel
382 3192 468 3270 βέλει
490 3189 608 3281 γράψω
635 3213 667 3299 ct
689 3194 777 3271 βέλει
804 3193 951 3281 cervarium
980 3205 1029 3269 vel
1058 3200 1149 3271 βέλει
1172 3204 1268 3270 κτυιό

171 3337 355 3391 convertere
377 3325 436 3405 vis,
469 3325 518 3386 sic
539 3323 645 3387 dicas:
682 3323 843 3391 voluntas
866 3339 934 3403 est,
959 3337 997 3392 ut
1023 3326 1196 3409 scribam
1221 3348 1267 3397 ac·

170 3446 286 3513 laotos
308 3456 370 3523 cst,
393 3442 623 3513 reverberare
648 3482 691 3495 -
719 3470 779 3536 pro
805 3452 945 3539 simplici
967 3450 1118 3516 scribam
1146 3468 1182 3519 et
1204 3474 1267 3523 vcr-

139 3569 304 3655 ¹derrrlro.

300 3692 415 3760 Altera
431 3693 635 3780 periphrasis
650 3693 726 3789 hnic
740 3697 838 3781 plane
854 3701 1003 3784 opposita
1021 3711 1079 3763 est.
1121 3702 1173 3767 Ea
1189 3702 1267 3769 enin

166 3828 294 3883 constat
315 3819 411 3880 verbo
434 3811 520 3886 &afim
542 3818 743 3903 personalem
760 3841 852 3883 usum
867 3820 1003 3885 habente
1017 3835 1051 3886 et
1065 3829 1176 3909 verbo,
1193 3824 1266 3911 quod

164 3941 344 4007 enuntiatio
365 3940 519 4026 postulat,
542 3941 806 4028 impersonaliter
822 3946 1014 4031 usurpando.
1058 3928 1207 4015 Ponitur
1220 3970 1266 4015 au
