2684 4740
121 427 218 490 Tunc
241 427 369 509 quidam
391 426 430 490 de
453 428 607 509 muribus,
630 443 774 495 seorsum
796 434 836 497 ab
859 435 1008 501 amnibus

119 559 204 621 abiit
226 558 361 621 (imnum¹
377 577 480 639 suam,
503 570 536 623 et
556 557 687 641 reliquit
707 560 783 625 illos
805 582 925 628 omues.

117 687 164 751 Et
186 687 292 751 filium
313 708 407 752 suum
429 690 563 770 vocavit,
585 701 622 753 ut
644 692 769 763 veniret
789 693 831 756 ad
851 697 1070 781 pugnandum,
1112 713 1116 719 ·

117 830 217 900 atquc
240 820 276 883 in
298 818 408 884 hostes
430 822 557 913 lacinus.
575 820 778 907 praeclarum
792 836 828 888 ut
841 839 1038 894 monstraret
1052 841 1085 897 et
1098 833 1227 902 laceret.

116 948 246 1013 Statim
266 951 476 1038 Muridarpax
497 953 643 1039 pervenit
665 953 708 1017 ad
729 951 858 1036 flumen,

113 1083 224 1162 ranis,
247 1081 369 1165 (sicut)
392 1083 528 1164 dicebat,
551 1095 589 1147 ut
610 1084 745 1150 multum
766 1086 846 1150 mali
867 1089 1016 1171 inlamet3

114 1213 271 1275 mediam·
283 1214 384 1276 scidit
404 1233 530 1294 nucem,
553 1225 587 1277 et
607 1216 690 1298 tegit

116 1354 253 1424 tergum
274 1341 485 1424 humerosque
506 1364 591 1427 suos,
613 1356 647 1408 et
666 1345 813 1415 lanceam
834 1350 959 1437 arripit.

115 1473 177 1538 Ad
199 1492 297 1536 ranas
319 1475 468 1555 cucurrit,
491 1475 630 1558 illaeque
651 1480 826 1544 exterritae
849 1492 935 1560 sunt,

118 1605 157 1667 in
180 1603 331 1690 paludem
354 1618 488 1671 cunctae
511 1607 659 1672 celeriter
681 1630 848 1673 cucurrere
869 1623 909 1672 ac
931 1631 1002 1676 sese
1023 1618 1182 1688 abdidere.

117 1736 195 1800 Nisi
216 1737 408 1822 providisset
428 1736 585 1823 Iuppiter,
607 1737 737 1800 illarum
758 1748 795 1800 ut
816 1740 1032 1826 misereretur,
1080 1776 1083 1783 =

118 1878 252 1931 cunctas
273 1866 331 1929 ille
353 1864 441 1929 solus
463 1867 600 1929 vicisset.

120 1998 229 2084 Caput
251 1999 415 2079 quassavit
434 1997 590 2084 Iuppiter,
613 1999 717 2061 etsie
738 1998 871 2063 clamat:

117 2130 203 2210 Heu,
226 2128 299 2210 heu,
321 2130 401 2211 quid*
420 2141 555 2194 cernunt
578 2128 673 2194 hodie
696 2128 780 2193 oculi
801 2130 885 2193 meii
906 2098 1115 2218 vociferatur}

118 2262 260 2327 nimium
281 2273 435 2342 quantum
456 2282 507 2324 me
530 2262 663 2324 offendit
683 2261 894 2348 Meridarpax
915 2263 987 2345 iste,

117 2412 222 2459 ranas
243 2392 376 2456 miseras
398 2393 481 2474 quod
503 2393 642 2459 trucidat
662 2393 720 2456 sic.

119 2522 189 2589 Sed
212 2544 271 2608 age
292 2526 418 2589 mittam
440 2524 631 2603 Minervam,
654 2536 711 2587 aut
732 2525 848 2590 sortem
870 2526 1022 2609 Martem,

119 2657 190 2743 ipsi¹
206 2654 430 2740 Meridarpagi
451 2663 487 2714 ut
507 2652 626 2737 eripiat
645 2650 801 2715 lanceam.

118 2784 181 2851 Sic
204 2784 288 2847 dixit
308 2782 463 2867 Iuppiter.
508 2779 602 2842 Mars
624 2798 698 2841 vcro
721 2780 753 2841 ei
774 2779 953 2864 respoudit:

118 2918 152 2981 0
174 2914 321 3000 Iuppiter
342 2909 510 2990 Saturnia
532 2909 630 2973 scito:
652 2908 823 2974 Rauarum
846 2920 992 2978 catervae

119 3067 187 3113 non
208 3056 316 3132 potest
337 3039 492 3123 Minerva,
514 3062 576 3106 nec
597 3062 656 3126 ego
678 3041 771 3105 Mars

102 3179 280 3246 ,auxilium
301 3178 398 3256 ferre,
417 3174 483 3237 nisi
506 3184 637 3238 cunctos
659 3191 719 3235 nos
740 3174 900 3238 sumseris.

121 3311 190 3377 Aut
212 3310 321 3390 etiam,
342 3308 372 3371 si
394 3307 453 3386 vis,
475 3326 552 3371 mox
573 3303 666 3369 dolor
683 3313 756 3369 tuus
777 3317 814 3368 ut
835 3314 947 3384 cesset,

121 3441 252 3507 lulmiui
273 3450 327 3503 tuo
350 3439 484 3524 impera,
506 3448 543 3501 ut
564 3446 619 3500 eat
641 3436 837 3500 combustum

120 3573 213 3638 illum
235 3570 488 3636 crudelissimum
508 3588 662 3634 ranarum
683 3568 929 3647 interfectorem,

120 3707 207 3771 sicut
228 3703 325 3783 ivisti,
348 3711 382 3765 et
404 3701 604 3764 combussisti
626 3699 798 3782 aliquando
821 3695 1040 3760 Salmoneum.

119 3835 257 3902 Fulmen
279 3845 373 3900 tuum·
389 3833 538 3920 perdidit,
560 3832 644 3895 sicut
665 3830 727 3895 hoc
748 3831 855 3893 sciunt
877 3845 999 3905 amnes,

120 3986 197 4032 cum
217 3964 301 4030 alios
322 3976 429 4045 autea,
452 3976 521 4027 tum
544 3964 627 4026 leros
649 3962 723 4025 illos
745 3959 909 4042 Gigantes.

119 4098 239 4163 Tacuit
259 4094 362 4177 Mars,
385 4107 452 4160 tum
474 4091 650 4159 Saturnius
671 4092 772 4159 mittit

119 4231 231 4294 furere
252 4239 285 4290 et
306 4230 356 4292 ira
378 4226 568 4308 (accensus)
584 4202 687 4319 urens
707 4239 800 4288 ntum
820 4215 928 4281 telum.

646 4350 649 4355 ’
924 4347 945 4411 3

919 4536 1009 4667 a
