2684 4740
132 210 180 284 76

20 371 21 386 ¹
132 407 208 472 Vid.
239 405 432 469 Buttmanni
460 412 628 488 grammat.
660 401 807 488 amplior.
835 401 966 464 Tomi
995 398 1024 484 d.
1048 400 1093 466 96
1125 398 1236 469 adad

86 537 88 543 ’
131 551 205 617 pag.
230 528 303 594 416.
354 529 460 591 Porro
492 527 531 589 de
564 525 846 613 praetermissione
880 525 1044 609 participii
1068 512 1125 600 cdv,
1161 527 1235 606 quod

131 665 205 739 post
227 639 328 724 ἕτυχα
350 652 470 715 veteris
493 649 675 732 elegantiae
696 642 834 711 studiosi
864 645 918 709 hio
948 648 1088 709 forsitan
1120 649 1234 712 deside-

130 786 216 854 rant,
239 775 310 837 vide
334 773 406 835 adn.
430 773 472 835 ad
495 792 574 836 vers.
602 769 674 835 179.
692 806 735 815 —
752 792 826 849 μου,
849 770 931 851 quod
947 770 1089 853 positum
1103 783 1157 832 est
1171 781 1233 856 post

129 890 212 977 ποτέ,
235 898 375 991 scriptor
396 906 506 958 noster
528 894 726 980 pleonastiee
748 892 845 955 addit.
892 888 953 954 sie
981 903 1014 953 et
1042 893 1133 955 infra
1162 913 1231 956 vers.

130 1017 196 1083 200
230 1010 306 1077 ποτέ
328 1041 394 1097 μου
421 1008 477 1077 div
505 1010 576 1086 τοὺς
598 1002 708 1094 dorna.
765 1013 919 1077 Refertur
941 1025 1048 1077 autem
1071 1016 1231 1096 utrobique

130 1143 172 1205 ad
187 1111 289 1205 ¹verba
313 1127 421 1221 ἔφυγα
443 1151 475 1203 et
498 1125 608 1216 ἅφινα,
631 1140 678 1201 ita
700 1150 737 1201 ut
758 1136 840 1200 haee
867 1136 1018 1217 loquendi
1049 1139 1137 1201 ratio
1167 1158 1230 1200 eon·

130 1266 208 1328 ferri
231 1275 326 1345 queat
350 1283 422 1328 eum
444 1263 579 1344 gallicae
602 1263 668 1324 moi
685 1266 721 1344 J’e
745 1280 787 1323 ne
810 1257 864 1322 l'ai
881 1261 1002 1342 jamais
1026 1261 1098 1322 fait.
1197 1317 1202 1330 ,

260 1385 303 1447 V.
328 1383 379 1448 76.
425 1374 479 1442 edu
501 1375 645 1450 βάυατον
664 1377 736 1442 ’ruofi
757 1376 883 1462 μέλεται
905 1370 948 1440 νά
967 1373 1041 1462 ’λῇῃ
1064 1383 1087 1445 i,
1104 1405 1133 1446 e.
1155 1401 1226 1445 moi·-

132 1519 211 1587 tem‚
237 1526 327 1592 quae
349 1503 496 1578 timetur,
518 1503 708 1569 reveniat.
755 1505 859 1567 Paulo
889 1504 1016 1585 quidem
1044 1506 1226 1568 insolentius

131 1632 252 1693 dietum
275 1639 324 1691 est
339 1597 480 1706 μέλεται,
504 1627 559 1689 sed
581 1627 659 1690 lieet
684 1626 780 1690 hodie
809 1629 857 1690 sio
883 1647 976 1690 nemo
1006 1626 1225 1710 loquatur‚in

128 1752 189 1816 tali
210 1763 359 1837 poemate
382 1769 450 1811 non
471 1749 723 1813 sollicitandum.
1073 1721 1077 1732 x

245 1872 304 1942 2V.
329 1872 381 1937 77.
427 1864 516 1942 ποτές
537 1872 714 1956 vulgariter
736 1893 795 1959 pro
817 1867 899 1934 ποτέ.
926 1907 970 1918 -
992 1867 1153 1933 σκουτὲλα
1173 1873 1224 1951 vel,

127 2008 164 2061 ut
185 1997 252 2059 alii*
266 1997 412 2059 scribunt
434 1989 611 2057 σκουτέλλα
632 1998 703 2083 ipsa
724 1995 915 2080 Latinorum
930 2016 993 2059 vox
1013 2007 1064 2060 est
1077 1993 1226 2068 scutella,

127 2123 296 2201 quaejam
324 2119 409 2204 apud
438 2119 536 2183 medii
564 2121 635 2182 aevi
662 2120 837 2204 scriptores
864 2139 923 2204 pro
952 2129 1060 2181 vetere
1087 2109 1226 2197 τρυβλίον

126 2261 194 2306 non
210 2244 396 2323 infrequens
414 2253 472 2304 est.
514 2241 562 2304 Cf.
577 2241 724 2325 Ducang.
741 2241 884 2304 Glossar.
897 2241 988 2303 Tem.
1001 2241 1036 2304 ΙΙ
1048 2260 1118 2327 pag.
1134 2239 1227 2304 1399.

256 2363 299 2424 V.
324 2362 376 2427 78.
421 2354 544 2432 κείνους
567 2355 740 2443 ε’σμῖγομαι
767 2360 837 2426 illis
858 2359 1062 2443 immisceor,
1089 2365 1146 2428 uhi
1172 2354 1223 2424 κεῖ.
1263 2351 1265 2453 ἱ

124 2507 200 2553 vove
222 2485 321 2547 dativi
343 2486 411 2547 viee
434 2485 587 2566 fungitur,
612 2496 647 2547 ut
669 2487 797 2571 saepius
819 2485 964 2550 vidimus.
1006 2485 1111 2549 Aliud
1128 2505 1222 2551 exem-

125 2607 214 2693 plum
236 2589 323 2682 uerbi
347 2597 531 2687 ἐσμίγομαι,
543 2627 604 2693 pro
617 2627 678 2689 quo
693 2598 851 2688 σμίγομαι
869 2609 987 2671 Graeci
1003 2627 1133 2694 semper
1146 2628 1222 2672 nune

124 2741 287 2811 utuntur,v
302 2730 397 2794 affert
428 2729 548 2793 Coraes
569 2723 689 2811 Ἀταετ.
713 2732 802 2793 Tom.
826 2730 861 2793 Il
882 2751 955 2815 pag.
980 2727 1045 2794 309
1069 2753 1096 2794 s.
1120 2754 1149 2795 v.
1169 2724 1222 2790 ποῦ

123 2843 180 2914 καὶ
201 2851 262 2911 ποῦ
284 2874 326 2914 ex
349 2852 536 2933 Georgillae
558 2864 720 2938 poemate,
744 2853 829 2933 quod
856 2849 1043 2918 inscribitur
1068 2844 1105 2916 ed
1128 2866 1221 2925 aare.

122 2963 208 3032 emdv
229 2970 281 3043 τῆς
300 2942 425 3034 Ῥόδου.
444 2972 554 3034 Verba
576 2984 653 3035 sunt
673 2964 730 3030 καὶ
752 2960 851 3046 ἄλλην,
873 2965 933 3032 οὐκ
955 2965 1133 3057 detrimen,
1149 2975 1220 3059 quod
1250 2965 1254 2972 ¹

122 3093 162 3154 de
185 3092 272 3154 coitu
294 3089 548 3174 intelligendum.
594 3093 636 3156 In
659 3084 832 3173 ἐσμίγομαι
856 3094 976 3158 Coraes
995 3096 1018 3161 l.
1030 3097 1053 3159 l·
1074 3120 1151 3184 pag.
1161 3097 1218 3162 331

122 3213 202 3277 iilud
226 3235 241 3271 e
262 3213 390 3277 initiale
412 3216 545 3281 barhare
567 3217 727 3300 adjectum
749 3237 819 3278 esse
842 3218 899 3295 ait,
922 3218 1017 3299 idque
1040 3233 1140 3284 reete.
1174 3220 1222 3286 Et·

72 3357 82 3371 “
122 3337 208 3405 enim
230 3348 267 3399 ut
288 3337 413 3417 antiqui
436 3356 502 3399 non
525 3337 707 3405 habuerunt
729 3341 940 3425 compositum
962 3329 1222 3422 ioptyvdvuqita

121 3478 321 3540 nequaquam
342 3459 519 3543 putandum
541 3473 605 3541 est,
628 3463 664 3523 in
685 3453 809 3541 ἐσμί-γω
830 3465 1103 3549 praepositionem
1128 3461 1163 3536 ἐς
1183 3487 1222 3529 re·

120 3581 230 3663 periri.
261 3613 304 3626 —
332 3568 402 3642 duee
427 3572 467 3641 'ee
495 3556 526 3651 ἐξ
553 3571 600 3656 riq’
631 3573 652 3647 i‘.
682 3606 709 3647 e.
734 3572 807 3663 ¹dem
835 3570 880 3642 dm
909 3579 940 3655 ἐς
962 3576 1023 3676 τὴν.
1046 3620 1090 3635 --
1118 3580 1218 3669 ’μιτρο-

121 3689 237 3765 οέέλλα
270 3702 293 3761 i.
328 3723 355 3764 e.
390 3666 605 3782 ε’μπξέστέλλα
639 3717 769 3787 etymon
801 3705 922 3772 habens
956 3711 995 3770 ab
1032 3694 1220 3789 ἔιιπροσβεη

114 3818 249 3908 primus
279 3821 504 3906 pugnantium
534 3825 619 3892 ordo
654 3840 711 3896 est.
759 3827 825 3892 Cur
855 3829 987 3892 Crusius
1014 3825 1086 3909 hio,
1100 3834 1170 3898 ⁴ubi
1190 3831 1219 3894 de

120 3943 264 4007 muribus
286 3945 406 4025 agitur,
425 3945 572 4029 primum
594 3958 780 4034 equestrem
803 3948 954 4013 ordinem
982 3971 1052 4012 esse
1075 3955 1219 4025 voluerit,

119 4063 189 4149 ipse
211 4066 353 4149 profecto
376 4067 497 4133 viderit.
548 4070 649 4133 Aliud
672 4090 766 4133 rarae
794 4070 889 4155 hujus
916 4073 1091 4137 locutionis
1122 4095 1218 4143 exem·

32 4225 34 4228 v
110 4184 209 4274 ¹plum
231 4186 415 4273 depromam
438 4211 478 4254 ex
488 4184 618 4251 ·'Aru>e.
640 4193 738 4282 Tem.¹
753 4194 787 4258 II
809 4215 839 4279 p.
865 4191 944 4270 121,
968 4195 1050 4274 quod
1074 4195 1219 4263 haustum
