2684 4740
1116 229 1163 300 57

60 411 166 473 tinum
193 406 342 473 luridum
372 411 440 474 sivo
469 406 621 492 lardum,
650 412 732 493 quod
765 410 860 476 hodie
895 433 1011 498 graece
1045 419 1161 486 dieitur

56 523 152 614 λαρδὶ
183 533 234 596 vel
261 525 398 613 λαρδίον.
448 534 580 598 Priores
610 533 726 615 Graeci
755 546 788 598 et
815 524 931 616 λάρὸος
960 556 1162 627 usurparunt.

56 655 511 739 cs.Du0ang.G10ss.meu.
540 667 574 720 et
601 657 659 719 inf.
683 676 731 740 gr.
756 659 847 721 Tom.
870 658 897 722 Ι.
920 681 994 746 pag.
1018 663 1093 730 790.
1117 699 1162 717 .-

55 770 155 860 ῥηγὸς
176 775 267 864 regis
289 779 393 843 latina
415 800 487 845 vox.
536 778 649 861 Neque
676 780 781 843 solum
807 772 878 859 ῥὴξ,
905 785 962 847 sed
989 787 1088 852 etiam
1110 781 1160 870 dd

54 923 132 983 φας,
154 899 210 962 τοῦ
230 894 315 982 ῥήγα
335 903 384 965 sie
405 913 588 987 usurpatur.
639 901 726 965 Vide
748 899 836 966 looos
859 923 879 966 a
900 904 1071 991 Ducangio
1094 910 1116 974 l.
1139 912 1159 978 b

55 1025 151 1087 Tora.
174 1024 217 1088 Π.
241 1045 314 1110 pag.
339 1022 424 1089 1293
448 1023 573 1088 allatos.
618 1055 663 1069 —-
707 1018 875 1104 &vuarim
901 1027 923 1089 i.
951 1050 978 1090 o.
1007 1023 1161 1114 θυγάτηρ.

55 1147 146 1211 Vide
168 1149 312 1212 advers.
335 1144 387 1212 28.

191 1268 236 1331 V.
260 1267 312 1331 51.
357 1261 384 1327 κ’
415 1259 481 1326 stab
508 1286 567 1353 pro
596 1258 654 1326 aori
674 1262 727 1344 εἰς,
749 1267 771 1330 i.
796 1287 823 1329 e.
845 1259 902 1327 mi
924 1264 967 1330 ἐν.
1013 1270 1060 1335 Cf.
1083 1294 1163 1356 quae

58 1391 298 1454 observavimus
319 1390 360 1454 ad
382 1389 504 1473 dialogi
525 1408 604 1455 vers.
629 1387 659 1453 9.
689 1424 732 1436 -
766 1378 890 1468 amdan
912 1392 934 1454 i.
958 1413 984 1455 e.
1007 1385 1160 1477 καλύβην.

55 1547 104 1559 -
127 1498 181 1585 ὅχι
200 1531 277 1590 non,
302 1497 408 1575 ortum
431 1532 472 1574 ex
493 1513 625 1593 antiquo
647 1503 730 1584 οὐχί.
779 1511 832 1575 Da
853 1515 1039 1581 discrimina
1061 1522 1161 1605 parti.

56 1636 202 1700 cularum
224 1636 446 1719 negativarum
467 1619 536 1711 door,
558 1625 613 1694 diu
635 1646 668 1699 et
687 1627 732 1715 μὴ
760 1636 910 1700 disseruit
938 1636 1101 1707 Rusiades
1124 1646 1161 1709 in

56 1761 168 1824 Praet.
208 1759 351 1822 Gramm.
388 1758 445 1820 der
483 1755 769 1821 neubellenisehan
806 1755 953 1842 Spraoho
989 1764 1080 1827 Tom.
1116 1765 1159 1829 11.

57 1903 133 1970 pag.
158 1879 223 1946 944
244 1901 330 1964 seqq.
375 1913 419 1924 -
463 1871 494 1958 μ’
516 1871 628 1962 ὀλίγον
649 1870 747 1941 κόπον
769 1879 790 1942 i.
814 1902 840 1943 a.
863 1870 905 1960 μὲ
928 1873 1036 1963 ὀλίγον
1057 1875 1161 1948 κόπον.

58 2006 110 2070 Cf.
133 2007 288 2069 adnotata
310 2003 455 2068 advers.
480 2000 531 2066 16.

192 2127 236 2190 V.
259 2125 312 2192 52.
351 2125 478 2206 τροφαῖς
493 2125 572 2190 Aoo·
588 2122 632 2209 pl.
657 2122 707 2186 Cf.
725 2141 805 2203 quae
823 2124 962 2189 diximus
979 2128 1020 2191 ad
1035 2150 1116 2194 vers.
1130 2132 1160 2196 3.

57 2287 100 2301 -
118 2245 197 2310 5ποῦ
209 2242 255 2308 ’oe
270 2245 330 2328 ie.
344 2241 422 2306 ὀποῦ
434 2235 491 2306 doe.
525 2245 612 2308 Vide
634 2246 875 2311 adnotationem
897 2248 939 2312 ad
960 2270 1042 2313 vers.
1058 2250 1079 2316 9
1096 2253 1160 2321 dia·

57 2374 137 2457 logi.
181 2371 237 2436 Ex
254 2382 402 2456 corrupto
425 2356 557 2445 derodere,
579 2369 664 2449 quod
688 2367 822 2433 Crusius
844 2369 955 2453 babet,
984 2373 1059 2438 elioi
1086 2396 1161 2457 quo-

58 2517 121 2578 que
142 2489 222 2556 ὂποῦ
240 2488 281 2555 'ru
303 2496 324 2559 i.
348 2516 375 2557 e.
399 2485 479 2552 ὃποῦ
501 2479 546 2551 dvc
567 2503 686 2578 posset,
708 2494 765 2556 sed
786 2485 866 2554 istob
885 2487 940 2554 ’aaa
969 2497 1046 2562 ferri
1068 2499 1159 2564 nullo

56 2619 155 2682 modo
177 2628 294 2703 potest,
316 2616 393 2678 lieet
415 2615 500 2676 idem
521 2614 671 2676 mendum
699 2615 828 2697 saepius
856 2617 892 2678 in
918 2615 981 2680 hoe
1009 2621 1159 2704 opusculo

57 2743 100 2806 ab
122 2740 298 2802 editoribus
319 2746 481 2798 servatum
503 2733 555 2796 sit.

192 2857 235 2920 V.
260 2855 313 2921 53.
358 2855 410 2918 Do
425 2841 563 2932 καρύδια
578 2853 616 2915 ei.
633 2871 713 2934 quaa
731 2853 965 2918 observavimus
980 2858 1019 2920 ad
1032 2877 1111 2920 vers.
1130 2857 1160 2922 6.

60 3017 106 3030 -
127 2981 179 3045 Da
199 2975 280 3061 arrd
301 2980 372 3044 vide
394 2955 635 3042 adnotationem
657 2977 801 3039 advers.
827 2973 877 3041 16.
900 3011 943 3024 —
971 2969 1161 3062 λεφτοκάρια

59 3106 115 3171 hie
144 3115 300 3168 vocantur
328 3122 408 3183 quaa
436 3100 568 3181 antique
595 3110 714 3162 sonant
741 3091 945 3180 λεπτοκάρυα.
1000 3102 1160 3170 Similiter

60 3230 177 3292 Graeci
198 3248 285 3290 nuno
307 3227 343 3289 in
363 3225 490 3308 vulgari
512 3242 661 3286 sermone
684 3221 836 3287 adhibent
857 3212 962 3300 adoro
972 3244 1031 3309 pro
1047 3217 1159 3304 adraso,

58 3347 164 3430 πέφτω
176 3371 235 3438 pro
250 3342 356 3426 πίπτω,
378 3341 511 3427 antara.
521 3366 580 3433 pro
590 3339 728 3423 maras,
751 3335 831 3424 iqroi
840 3366 900 3433 pro
913 3339 999 3422 inrui,
1012 3352 1101 3430 eujus
1111 3351 1160 3412 roi

60 3488 92 3540 et
103 3478 139 3539 in
155 3474 419 3559 inscriptionibus
436 3472 579 3552 antiquis
597 3471 696 3533 multa
713 3469 993 3554 deprehenduntur
1013 3471 1158 3554 vestigia.

66 3660 81 3684 χ
191 3596 235 3658 V.
258 3591 311 3657 bt.
356 3594 397 3657 ln
418 3594 601 3656 recentiore
627 3592 740 3675 lingua
767 3582 863 3663 καλὸς
890 3613 1016 3678 semper
1043 3595 1160 3680 aecipi-

59 3735 113 3786 tur
134 3742 192 3808 pro
215 3716 318 3792 douo,
339 3735 503 3797 nunquam
524 3736 582 3803 pro
602 3712 765 3801 puicbr0‚·
783 3711 925 3798 pulcher
945 3718 1032 3779 enim
1053 3717 1160 3802 appel-

58 3843 147 3908 latur
179 3834 291 3923 ὡραῖος
322 3840 375 3905 vel
402 3823 564 3918 εὔμορφος.
614 3840 663 3904 cf.
698 3840 812 3904 Corais
846 3834 962 3898 'Araxa
995 3840 1085 3903 Tom.
1115 3840 1158 3902 ΙΙ.

57 3986 133 4054 pag.
158 3963 230 4031 159.

191 4087 234 4153 V.
257 4085 310 4153 55.
356 4084 407 4149 De
429 4105 506 4148 voee
522 4080 605 4165 ruique
624 4085 695 4148 vido
716 4082 822 4147 adnot.
840 4083 881 4146 ad
897 4081 1019 4163 dialogi
1035 4101 1115 4144 vers.
1128 4079 1158 4144 3.

57 4243 105 4262 ·-
126 4196 211 4271 atta
233 4210 444 4275 Aoausativus
466 4227 524 4294 pro
546 4209 675 4272 Dativo.
703 4241 742 4251 -
764 4193 899 4284 περισσά
919 4214 1022 4264 neutr.
1039 4202 1081 4285 pl·
1103 4222 1160 4286 pro

817 4322 864 4387 5.
