2684 4740
1179 201 1223 272 13

118 389 321 456 Beneficium
343 388 460 475 duplex
483 385 579 450 nobis
598 384 684 451 dedit
705 385 859 473 luppiter,
883 402 918 454 ut
940 393 1149 473 gaudeamus3

120 524 248 608 (super)
262 533 383 585 terram
397 517 656 598 utsaltemus,'et
665 517 728 601 (in)
738 484 854 600 aquam
868 532 904 585 ut
915 542 975 585 nos
984 525 1224 592 abscondamus.

120 654 213 720 Intus
236 664 269 717 et
291 664 383 716 extra
406 648 700 733 babemus'domos,
725 652 778 713 ubi
793 647 990 718 habitamus.

121 783 161 848 Si
183 786 232 849 vis
256 796 288 847 et
309 793 343 846 tu
365 780 485 862 venire,
508 793 544 846 ut
565 803 630 846 una
653 761 823 846 intremus:

122 916 259 979 ascende
282 915 410 978 dorsum
432 934 549 992 merom,
571 925 605 977 ct
627 913 723 978 facile
745 925 777 977 tc
799 911 1009 980 introducam.

122 1045 347 1109 Veruntamen
369 1060 443 1108 tene
465 1066 516 1108 me
539 1046 661 1124 stricte,
685 1065 727 1108 ne
750 1045 878 1108 decidas
894 1065 974 1110 neve
992 1058 1024 1109 te
1039 1051 1194 1112 amittam.

123 1177 301 1257 Postquam
317 1176 558 1253 intraverimus,
573 1173 655 1236 mihi
672 1138 776 1253 crede,
794 1174 957 1255 gaudebis,
975 1198 1072 1264 supra
1085 1181 1229 1258 modum;

125 1318 160 1369 ct
182 1309 218 1368 in
241 1306 331 1367 exitu
351 1303 495 1367 habebis·
510 1304 629 1367 donum
650 1314 684 1366 ct
704 1302 841 1388 pulchra
861 1325 1004 1372 munera.

125 1436 237 1499 Verba
259 1433 340 1498 haec
362 1433 484 1497 finivit:
508 1434 638 1496 dorsum
660 1433 710 1498 iili
733 1435 877 1500 obvertit.

125 1568 218 1631 Tunc
239 1586 310 1629 mus
332 1563 433 1629 libere
455 1582 551 1650 super
573 1583 644 1626 eam
667 1566 839 1646 considit,-

125 1712 157 1762 ct
179 1698 331 1762 audacter
352 1715 467 1759 manus
490 1715 564 1758 suas
588 1693 765 1775 collumque
788 1699 940 1762 extendit.

126 1831 217 1894 Tunc
240 1847 322 1908 mna
344 1827 450 1912 coepit
471 1846 507 1888 se
529 1825 700 1888 extendere
723 1837 757 1888 et
779 1825 980 1892 contrahere.

127 1961 201 2023 Mus
224 1959 385 2045 principio
408 1957 535 2034 lactari,
559 1976 629 2019 cum
652 1956 783 2035 videret,

127 2110 221 2173 quam
243 2048 372 2152 nataret
393 2086 538 2172 pulchre,
561 2087 686 2164 mirari,
709 2096 847 2170 stupere.

128 2221 252 2284 Verum
273 2221 329 2282 ubi
351 2228 524 2301 coeperunt
546 2214 566 2279 'a
589 2228 676 2278 terra
699 2215 827 2297 lougius
850 2216 1008 2299 recedere,

129 2364 164 2416 ct
186 2353 221 2414 in
243 2353 342 2430 aquas
365 2346 631 2435 profundissimas
653 2345 743 2409 lacus
766 2346 903 2430 ingredi,

129 2506 168 2548 ac
190 2482 360 2546 veniebant
382 2479 471 2562 nigri
492 2477 617 2561 fluctus,
639 2498 772 2558 eumque
793 2479 1010 2546 inundabant:
1102 2496 1105 2502 ·

130 2627 206 2678 tunc
229 2613 364 2676 tremere
387 2611 506 2695 coepit,
529 2609 615 2672 oculi
637 2612 706 2689 ejus
729 2589 966 2672 humescebant.

130 2745 309 2825 Poeniteus
332 2740 440 2816 (iacti)
463 2748 544 2814 erat,
567 2735 670 2815 (quia)
692 2754 760 2796 non
782 2735 930 2816 habebat,
954 2741 1028 2818 quid
1051 2741 1179 2818 iaceret,

131 2875 208 2954 qnia
230 2869 303 2931 fieri
325 2885 391 2930 non
413 2872 551 2952 poterat,
574 2876 661 2929 retro
681 2858 719 2928 'ut
740 2865 868 2929 rediret.
942 2866 944 2871 ’
1204 2839 1208 2850 .

130 3005 274 3068 Tantum
295 2998 392 3085 pedes
415 2997 594 3080 stringebat
616 2997 657 3061 ad
679 3017 780 3060 ranae
802 2998 920 3078 latera3

133 3135 324 3199 creberrime
347 3132 588 3214 ingemiscebat,
611 3147 672 3191 nec
694 3129 830 3210 videbat,
853 3151 915 3212 quo
938 3131 1008 3193 iret.

131 3267 251 3331 Natrix
273 3264 422 3349 apparuit
442 3261 622 3325 horrendus
645 3261 681 3322 in
702 3259 842 3323 flumine.

131 3399 231 3462 Rana
254 3396 530 3492 contremiscebat,
552 3413 620 3456 non
641 3390 789 3469 habebat,
813 3391 892 3471 quid
914 3403 1033 3471 ageret.

132 3529 172 3591 In
194 3547 310 3608 aquam
332 3547 367 3587 se
389 3526 551 3603 demersit,
575 3534 611 3586 ut
633 3523 769 3586 evitaret
791 3524 875 3607 iram
898 3519 998 3601 illius,

131 3625 386 3743 Psicharpagem
410 3655 541 3733 dimisit,
563 3666 599 3717 ut
620 3664 748 3718 nataret
770 3653 868 3716 solus.

133 3779 266 3868 Statim,
288 3798 323 3852 ut
346 3807 418 3850 eum
440 3781 572 3863 dimisit,
593 3786 629 3848 in
651 3805 734 3864 aqua
756 3803 916 3869 expansus
940 3795 998 3863 est,
1047 3791 1066 3846 J

133 3932 164 3984 et
186 3888 267 4008 prae
288 3926 375 3981 metu
397 3909 524 4000 ingenti
546 3921 637 3979 to'tus'
654 3916 866 3979 exanimatus.

132 4054 253 4116 Manus
276 4049 529 4131 constringebat,
552 4048 707 4111 stridebat
728 4047 896 4134 dentibus,

133 4184 218 4248 vires
240 4201 316 4249 suas
338 4159 487 4267 perdidit,
511 4190 668 4244 tremuere
689 4178 786 4265 pedes
808 4180 886 4259 eJ'us.
