2684 4740
161 180 256 272 ’ἴω

206 391 281 467 nita
305 387 420 467 virtus
444 385 589 488 propria
621 385 743 486 gentis¹
763 384 983 463 Graecorum
1015 391 1077 466 dia
1111 398 1230 468 tutata
1264 405 1311 471 est

201 523 361 624 linguam
388 517 561 625 adversus
586 517 680 592 illam
706 529 855 620 pestem,
882 548 974 622 quae
999 524 1122 598 crebra
1149 528 1244 600 cum'
1260 554 1312 603 ex-

112 694 115 701 *
207 666 364 730 terarum
392 650 577 726 nationum
607 650 738 752 linguis
770 655 981 754 contagione
1012 658 1166 756 patrium
1197 662 1313 760 cujus

206 787 263 862 vis
299 783 424 885 populi
460 808 662 858 sermonem
700 810 927 885 corrumpere
969 787 1072 862 solet.
1127 789 1314 890 Siquidem

207 917 303 992 nulla
332 915 408 990 sere
440 917 553 1014 major
581 915 723 1018 linguae
753 919 902 991 mutatio
935 918 1026 993 sacta
1059 930 1133 1012 est,
1166 948 1216 997 ex
1249 952 1315 1027 quo

77 1147 83 1158 .
206 1050 338 1127 Gracci
362 1048 430 1122 sub
454 1057 579 1123 nutum
605 1046 850 1149 ditionemque
874 1049 1115 1127 Romanorum
1141 1081 1316 1153 pervene-

204 1191 299 1258 runt
333 1180 511 1256 ·'l'ametsi
537 1181 632 1253 enim
656 1181 765 1258 verba
789 1180 896 1255 latina
920 1181 1164 1285 loquendique
1186 1188 1316 1265 sormu-

205 1314 261 1386 lae
287 1312 461 1411 quaedam
485 1338 506 1384 a
530 1312 703 1386 Romanis
729 1323 854 1388 'mutuo
878 1326 1018 1391 sumtae
1051 1317 1088 1390 in
1120 1343 1199 1392 earn
1233 1321 1317 1417 irro-

206 1453 366 1545 pserunt,
390 1452 511 1516 tamen
536 1443 699 1516 sincerus
726 1416 897 1519 orationis
921 1456 1028 1521 tenor
1052 1458 1089 1524 et
1105 1475 1234 1543 sonus,
1260 1481 1317 1529 an-

205 1578 330 1675 tiquus
355 1573 415 1648 illc
439 1573 610 1672 loquendi
641 1572 740 1647 color
763 1584 801 1650 et
825 1576 953 1653 modus
984 1579 1144 1654 nondum
1175 1583 1317 1661 deside

204 1707 385 1782 rabuntur.
435 1704 587 1780 Silentia
611 1713 757 1778 transeo
775 1732 848 1796 eos,
875 1709 937 1806 qui
955 1736 1066 1809 quum
1083 1739 1152 1786 nec
1169 1718 1317 1793 natione

203 1850 274 1914 nec
297 1838 458 1913 oratione
484 1835 614 1910 Graeci
640 1845 773 1927 essent,
799 1835 958 1913 deterius
976 1865 1083 1939 quarn
1100 1844 1171 1942 ipsi
1185 1845 1315 1924 Graeci

202 1969 419 2047 'scribebant
469 1967 568 2041 Haec
591 1965 668 2041 lere
691 1967 832 2069 linguae
857 1970 1015 2046 conditio
1037 1958 1138 2073 plura
1155 2003 1225 2076 per
1240 2007 1316 2056 sao-

204 2101 283 2178 cula
308 2099 439 2177 mansit
463 2109 501 2174 et
526 2125 597 2200 quo
622 2110 784 2202 tempore
808 2103 879 2200 jam
905 2101 1026 2178 ltaliae
1047 2105 1170 2207 populi
1186 2136 1316 2213 perpe-

203 2235 276 2310 tuis
306 2233 532 2307 barbararum
568 2234 730 2333 ¹gentium
767 2231 1031 2311 incursionibus
1061 2237 1217 2313 infestati
1250 2246 1316 2317 ad-

202 2365 347 2441 modum
383 2372 587 2462 corruptam
623 2365 845 2463 usurpabant
876 2365 1072 2464 loquelam,
1111 2368 1221 2446 nituit
1252 2377 1315 2449 ad-

82 2532 85 2539 ·
203 2496 276 2571 buc
300 2507 338 2570 et
361 2494 449 2568 llore
476 2493 629 2593 quodam
661 2495 854 2596 conspicua
885 2496 953 2572 fuit
982 2498 1041 2574 illa
1071 2498 1206 2602 lingua,
1241 2532 1313 2606 qua

202 2628 361 2704 Pericles
386 2626 470 2701 olim
494 2635 664 2727 tanquam
684 2627 841 2703 ¹habenis
865 2628 1151 2707 Atheniensium·
1173 2635 1311 2713 animos

202 2762 373 2838 flexerat..
406 2758 574 2860 Namque
598 2758 693 2834 baud
718 2761 755 2833 in
782 2762 906 2863 exigua
923 2763 1101 2838 felicitatis
1119 2775 1223 2863 parte
1242 2771 1310 2866 jam

203 2906 306 2969 autea
332 2891 481 2965 Graecis
507 2891 712 2991 ponendum
738 2902 824 2982 erat,
856 2892 953 2991 quod
985 2894 1125 2990 imperii
1155 2896 1310 2975 Romani
1341 2933 1342 2948 2

203 2991 291 3102 sede
316 3050 336 3096 a
361 3021 600 3097 Constantino
624 3021 759 3125 Magno
783 3023 996 3121 Byzantium
1025 3020 1198 3098 translata
1238 3030 1309 3107 n'on

202 3159 374 3244 Romana,
399 3153 465 3229 sed
490 3154 627 3231 Graeca
653 3155 793 3255 publica
820 3179 885 3254 per
908 3153 1024 3229 totum
1040 3155 1228 3258 imperium
1246 3162 1309 3237 lin-

192 3285 270 3387 ‘gua
307 3296 479 3366 evaserat.
540 3285 770 3386 Quamquam
810 3287 903 3361 enim
934 3289 1040 3389 primi
1070 3290 1309 3392 Imperatores

201 3425 238 3495 in
264 3421 343 3495 aula
373 3417 568 3517 Byzantina
596 3417 705 3493 latine
728 3418 976 3519 loquebantur,
1002 3448 1086 3498 mox
1101 3433 1220 3497 tamen
1244 3426 1310 3503 liu·

203 3576 270 3654 gna
306 3548 455 3625 Latialis
493 3550 692 3626 domestico
732 3551 952 3628 Graecorum
989 3555 1149 3630 sermoni
1186 3559 1308 3635 cessit

200 3685 255 3771 Aa
276 3689 363 3761 vero
387 3683 510 3783 negari
533 3709 607 3757 non
631 3692 763 3782 potest,
796 3682 978 3782 ingentem
1009 3687 1265 3763 vocabulorum
1291 3716 1308 3765 a
1336 3704 1342 3832 p

190 3813 374 3909 Romanis
389 3826 629 3917 acceptorum
653 3812 916 3889 multitudinem
941 3818 1104 3914 jamtum
1123 3817 1218 3919 apud
1236 3821 1308 3922 ple·

189 3947 282 4022 ··berir
306 3945 509 4025 invaluisse.
556 3945 638 4020 Huc
660 3943 845 4044 pertinent
868 3941 940 4051 ῥῆξ’
953 3974 1034 4035 rea,
1058 3945 1229 4026 dominon
1245 3950 1307 4029 bo

199 4076 358 4182 spinum,
381 4078 519 4164 domas,
544 4075 731 4152 παλάτιον
749 4079 944 4179 palatium,
968 4075 1064 4170 dodi
1080 4079 1159 4156 dua
1175 4091 1215 4157 et
1230 4084 1306 4161 alia.

198 4209 377 4312 Quamvis
407 4207 547 4286 seilicet
580 4206 746 4287 homines
783 4211 978 4288 liberaliter
1014 4212 1155 4290 educati
1197 4228 1306 4319 atque
