2684 4740
1160 197 1228 271 159

123 383 188 471 μετ’
217 382 329 472 ὀλίγον
356 406 439 451 anax
469 381 626 474 finivere.
691 382 732 451 Si
748 382 835 451 'vero
863 390 1043 453 enuntiatio
1071 393 1227 473 olajectum

124 514 281 595 continet,
306 513 387 595 quod
411 512 452 576 ad
475 486 604 574 uerbum
626 509 806 597 principale
827 513 979 594 retertur,
1008 510 1161 577 adhibere
1188 512 1227 579 li·

124 650 177 701 cet
199 637 407 724 participium
429 635 562 722 perlecti
583 635 713 721 passivi,
736 633 823 699 velut
844 629 931 706 θέλω
955 623 1228 717 ἕχῃνελειωμέυου

121 751 157 820 τὸ
182 747 276 842 ἔργον
297 781 362 840 μου
382 750 445 838 μετ’
471 750 579 839 ὀλίγον
600 777 682 822 mox
702 777 786 846 opus
806 778 912 822 merem
931 751 1087 844 finivere.
1133 761 1226 825 Tem-

120 903 182 969 pus
211 880 429 945 eonditionale
457 871 588 963 (captivae
619 874 822 962 ὑποβετικὸς)
849 900 871 945 a
895 901 948 944 me
973 880 1054 945 illud
1084 895 1225 965 vocatur,
1269 926 1272 937 ι

121 1004 208 1087 quod
229 1005 414 1088 significatu
436 978 579 1068 concinit
601 1022 673 1066 cum
695 1004 782 1068 verbi
801 1002 913 1087 gallici
927 1013 1070 1089 tempore
1085 1006 1226 1087 ejusdem

120 1127 282 1206 nominis,
311 1124 372 1189 lroe
401 1138 551 1211 excepto,
579 1126 662 1206 quod
690 1124 807 1189 Graeci
828 1145 928 1188 uuum
950 1122 1069 1189 habent
1090 1147 1150 1213 pro
1173 1127 1226 1191 ‹lu-

121 1248 204 1333 plici
226 1248 391 1309 Gallorum
413 1260 556 1332 tempore
579 1246 800 1311 conditionali.
849 1246 953 1330 Hujus
975 1250 1128 1333 temporis
1151 1250 1226 1313 laci·

120 1369 167 1431 lis
200 1380 249 1432 est
284 1371 470 1456 compositio
503 1390 544 1432 cx
576 1370 768 1456 Imperlceto
795 1370 884 1433 verbi
911 1362 997 1440 θέλω
1024 1357 1165 1453 (lacta)
1192 1384 1226 1439 ct

120 1492 238 1556 iisdem
261 1493 328 1554 lere
349 1493 437 1554 uerbi
461 1492 583 1572 lorrltis,
607 1512 741 1573 quarum
763 1492 799 1554 in
816 1492 1022 1557 dilucidando
1038 1496 1143 1558 futuro
1153 1499 1225 1578 jam

119 1615 335 1694 meminimus,
359 1633 547 1694 quamquam
569 1635 628 1677 eae
650 1616 787 1695 formae,
816 1635 895 1696 quas
917 1615 1129 1682 Grammatiei
1150 1640 1223 1704 poc-

119 1739 203 1802 ticas
225 1748 258 1798 et
279 1736 427 1819 vulgares
449 1738 600 1816 vocitant,
624 1738 698 1816 quia
720 1735 783 1798 huc
804 1756 871 1798 non
894 1740 1069 1817 quadrant,
1098 1740 1134 1801 in
1161 1738 1224 1804 hoc

119 1871 264 1945 tempore
288 1857 504 1943 componendo
526 1876 594 1920 non
615 1868 821 1942 usurpantur.
865 1858 917 1919 Nc
939 1859 1039 1940 igitur
1058 1859 1113 1921 diu
1127 1859 1224 1925 lecto-

119 2002 173 2046 res
199 2001 322 2061 morer,
350 1980 461 2065 paucis
489 1999 558 2042 rem
584 1978 788 2063 complectar.
835 1978 875 2041 Si
904 1966 1021 2045 Graeci
1048 1980 1159 2045 dieunt
1180 1968 1224 2047 olo

119 2094 155 2164 oi>
176 2089 303 2183 ἤξευρα,
324 2092 359 2162 τὸ
380 2089 482 2178 isuaia
505 2098 574 2183 εἶπῇ
595 2097 625 2165 si
646 2098 779 2175 scirem,
803 2098 962 2177 dicerem,
983 2104 1019 2165 in
1043 2102 1094 2166 his
1117 2108 1223 2170 verbis

119 2226 272 2315 apodosis
294 2226 342 2287 ita
362 2224 460 2288 etiam
483 2226 601 2289 mutari
622 2235 738 2312 potest,
761 2236 798 2288 ut
819 2235 959 2310 ponatur
981 2213 1015 2285 ri
1031 2211 1126 2300 lipsio
1141 2224 1223 2289 εἰπῶ.

119 2351 224 2416 Porro
248 2348 443 2412 constructio
471 2333 514 2407 alr
535 2339 729 2429 ἠμποροῢσα,
751 2339 785 2408 τὸ
807 2336 910 2424 ticam
932 2341 1068 2430 προφέρῃ
1089 2346 1120 2413 si
1144 2369 1222 2437 pos.

119 2492 200 2548 sem
218 2462 476 2559 proniantiarcm
499 2472 687 2556 aequiparat
713 2472 849 2535 alteram
877 2483 1071 2537 structuram
1098 2459 1140 2533 olo
1165 2467 1221 2556 τ’μι.

118 2592 274 2678 acquina,
295 2583 329 2655 ai
351 2580 446 2669 ἤθελε
467 2587 617 2673 προφέρω.
661 2593 783 2658 Eadem
805 2613 879 2655 vero
903 2595 1052 2678 apodosis
1068 2608 1222 2674 servatur,

118 2721 150 2786 si
171 2720 209 2783 in
229 2698 351 2802 pritasi
373 2735 440 2779 non
462 2716 700 2800 imperfectum,
726 2716 781 2777 sed
803 2713 1145 2800 plusquamperfectum
1171 2731 1222 2783 ast
1325 2752 1338 2775 .

117 2864 146 2907 v.
168 2863 197 2904 c.
220 2826 263 2899 <lo
282 2829 317 2899 ai
339 2826 414 2911 εἷχα
436 2827 547 2918 pipp,
569 2826 604 2897 cci
625 2822 727 2913 ilario
749 2832 832 2917 εἷπῇ,
855 2832 885 2899 si
906 2832 1151 2921 cotaperisseur,
1172 2836 1207 2903 dc

117 2954 258 3028 xistum.
300 2960 448 3043 Denique
470 2963 506 3024 in
528 2962 656 3047 passivo
687 2947 729 3021 <llo
752 2954 881 3034 ἕζοῢσεν
902 2947 1007 3041 clariaco
1035 2954 1219 3045 ‹iovpypoc-

115 3076 214 3167 φεὺς,
241 3070 276 3144 ri
301 3075 423 3164 βιβλίον
451 3106 507 3144 coo
531 3071 626 3154 incia
652 3082 801 3164 φελειωβῇ
822 3084 991 3168 dupliciter
1013 3088 1162 3150 vertitur:
1189 3085 1221 3151 si

115 3206 248 3276 viveret
270 3202 384 3268 adlatae
406 3216 536 3286 aornar,
559 3200 645 3269 liber
667 3209 738 3292 elias
760 3201 993 3269 absolveretur
1014 3206 1064 3268 vel
1086 3205 1219 3270 absolu.

116 3343 172 3397 tas
201 3335 296 3394 essct.
345 3314 406 3386 ”Aa
434 3319 668 3409 ἆγαποίσαμευ
699 3318 754 3404 τὴν
779 3317 905 3408 ἀρετὴν,
933 3312 1028 3402 iljralts
1053 3318 1220 3408 γινῶμερα

115 3442 248 3515 relcuom
269 3438 429 3533 καλῄτεροι
451 3447 483 3513 si
504 3450 698 3514 amaremus
718 3447 893 3524 virtatem,
915 3467 1046 3537 semper
1066 3446 1221 3515 meliores

112 3572 285 3665 fieremus.
337 3575 414 3637 Jam'
434 3575 463 3638 si
486 3574 556 3655 quis
579 3575 748 3637 emendare
770 3570 856 3636 volet
876 3571 1022 3656 linguam
1044 3570 1218 3657 vulgarem,

118 3703 150 3764 ci
180 3719 240 3787 pro
270 3696 481 3781 conjunctivo
509 3708 583 3784 post
609 3682 729 3776 libello,
751 3695 821 3776 qui,
844 3707 880 3758 ut
902 3716 943 3758 ex
965 3696 1006 3758 iis
1019 3694 1107 3778 ¹quae
1129 3716 1220 3783 supe-

117 3825 189 3887 rius
212 3821 360 3906 exposita
382 3830 467 3898 sunt,
482 3820 684 3900 consequitur
695 3817 853 3883 Infinitivi
864 3817 969 3882 locum
977 3829 1076 3899 tenet,
1087 3820 1220 3902 antiquo

118 3944 286 4011 lnfinitiro
298 3944 346 4008 uti
363 3941 480 4007 licebit.
511 3940 622 4024 Itaque
640 3922 894 4024 enuntiationes,
908 3963 987 4026 quas
1001 3940 1167 4010 attulimus
1184 3945 1221 4008 in

1186 4164 1201 4193 q
