2684 4740
204 228 263 281 LVI

204 409 309 490 reret,
333 397 393 474 vix
417 405 547 472 menso.
597 393 722 469 Liceat
736 394 805 469 hoc
820 395 858 468 in
876 394 955 470 aliis
972 393 1112 495 linguis,
1129 396 1169 468 in
1188 422 1311 498 graeca

203 557 278 607 non
307 530 406 619 licet,
436 531 538 628 cujus
569 553 697 604 vocum
727 526 976 627 plerarumque
1005 527 1186 626 scriptura
1219 540 1312 605 certa

205 675 263 739 est
287 673 324 737 et
347 658 586 735 immutabilis.
635 658 779 760 Quodsi
794 657 885 731 Zoni
899 664 1026 731 'aetate
1051 657 1230 757 quaedam
1256 689 1312 740 vo-

204 820 265 871 ces
290 793 520 883 recentiores,
545 818 695 893 quarum
721 788 933 891 etymologia
955 788 1114 864 nondum
1129 764 1311 869 intellecta

204 897 290 1017 erat,
315 925 406 999 male
430 924 690 1013 scribebantur,
723 922 809 996 mibi
833 933 953 997 tamen
984 932 1103 996 c'ertus
1134 933 1174 998 et
1205 950 1310 1002 verus

167 1096 171 1103 ·
202 1068 407 1135 nostrorum
438 1066 639 1169 temporum
671 1054 851 1130 scribendi
880 1053 1009 1129 modus
1039 1054 1175 1154 ubique
1209 1083 1309 1159 repo-

130 1265 131 1268 ,
164 1247 169 1256 ·
202 1191 343 1266 nendos
368 1213 450 1265 esse
474 1188 575 1264 risus
601 1197 666 1263 est.
716 1187 896 1288 Quocirca
922 1212 969 1259 ne
987 1185 1138 1261 Coraem
1165 1189 1307 1287 quidem

201 1322 318 1411 laudo,
344 1322 407 1420 qui
431 1321 468 1392 in
493 1318 815 1419 Ptochoprodromi
832 1318 997 1408 editione,
1014 1317 1197 1410 vocabula,
1219 1349 1307 1422 quac

204 1453 241 1526 in
282 1449 466 1525 codicibus
510 1449 602 1523 male
645 1450 797 1547 scripta
819 1449 1018 1539 invenerat,
1049 1459 1192 1525 retenta
1223 1452 1305 1529 salsa

201 1581 380 1659 scribendi
412 1579 568 1669 ratione,
604 1578 837 1680 imprimenda
867 1579 1013 1654 curavit.
1063 1580 1159 1656 Sunt
1188 1592 1305 1660 tamen

200 1716 239 1788 in
264 1713 394 1813 quibus
420 1739 440 1786 a
464 1738 522 1785 me
547 1711 606 1785 alii
631 1711 823 1786 dissentire
839 1711 991 1812 possint.
1039 1710 1099 1786 De
1116 1712 1175 1789 his
1195 1716 1304 1792 omni·

199 1846 269 1921 bus
293 1844 330 1918 iu
356 1842 621 1918 Commentario
645 1843 862 1916 mentionem
891 1841 961 1914 feei
985 1843 1216 1944 ratione'sque
1249 1875 1304 1924 ex·

199 1975 305 2076 posui
330 2000 421 2075 quae
445 1972 635 2048 lectionem
661 2000 680 2069 a
712 1999 770 2046 me
800 1973 839 2046 in
868 1983 1005 2048 textum
1035 1978 1218 2074 receptam
1250 1981 1310 2057 fin.

196 2116 344 2184 ruerent.
393 2103 469 2181 Sed
492 2114 534 2179 ut
557 2104 693 2205 liquido
712 2114 913 2201 constaret,
939 2105 1054 2206 qualis
1079 2109 1302 2207 superiorum

198 2241 373 2315 editorum
397 2248 518 2314 textus
543 2237 682 2327 suisset,
702 2246 814 2312 totam
838 2237 1002 2313 lectionis
1027 2238 1232 2317 varietatem
1260 2244 1299 2317 in

196 2354 483 2445 adnotationibus
509 2368 641 2442 criticis
666 2370 873 2459 memoravi,
901 2396 943 2443 eo
966 2371 1193 2470 potissimum
1219 2400 1302 2451 cou-

197 2500 287 2588 silio,
310 2508 353 2573 ut
376 2497 433 2575 vel
458 2523 503 2573 ex
527 2523 599 2571 uno
625 2497 744 2573 Crusii
770 2499 893 2574 codice
916 2511 1066 2603 pateret,
1093 2516 1226 2604 quauta
1253 2508 1299 2585 sit

194 2656 451 2731 nonuunquam
482 2630 522 2704 in
544 2629 759 2731 membpauis
791 2631 1010 2733 singulorum
1043 2635 1298 2715 elementorum

195 2789 436 2864 sonorumque
471 2763 642 2840 conlusio.
714 2762 834 2863 Quam
873 2773 1024 2856 tantam,
1061 2779 1195 2867 quanta
1233 2782 1298 2862 est,

192 2897 295 2971 multi
318 2920 392 2968 non
417 2894 640 2990 suspicantes
667 2919 748 2965 cum
761 2895 949 3001 'anxietate
967 2897 1118 2993 quadam
1135 2901 1298 3004 vulgatae

192 3021 338 3098 lectioni
368 3020 406 3091 in
437 3027 597 3093 veterum
628 3018 728 3090 libris
754 3019 1023 3097 adhaerescunt.
1079 3029 1297 3132 Interpreta-

192 3149 392 3237 notanus,
418 3174 489 3248 qua
513 3146 583 3222 hoc
608 3173 749 3222 carmen
772 3148 941 3239 instruxi,
965 3154 1094 3251 partim
1120 3159 1297 3242 Crusiana

191 3292 259 3375 est,
282 3279 411 3384 partim
436 3305 524 3354 mea.
572 3277 663 3354 Eam
688 3277 826 3355 scilicet
849 3279 1116 3360 translationem
1138 3318 1161 3362 a
1184 3295 1297 3391 pluri.
1332 3306 1337 3329 ·

188 3416 257 3490 mis
281 3413 475 3488 lectoribus
501 3412 621 3513 expeti
645 3411 810 3511 sciebam,
836 3438 928 3512 quae
951 3415 1059 3489 verba
1085 3445 1210 3515 graeca
1236 3452 1299 3502 ac.

190 3557 310 3622 curate
334 3544 511 3634 redderet,
536 3543 675 3618 etiamsi
699 3543 786 3619 locis
814 3545 1024 3646 quibusdam
1048 3549 1166 3625 minus
1183 3551 1295 3634 latina

189 3687 302 3769 esset,
328 3704 434 3777 quam
458 3677 575 3751 laesae
599 3674 783 3751 latinitatis
814 3688 936 3752 notam
964 3678 1015 3753 illi
1044 3681 1104 3756 vix
1135 3683 1292 3784 effugere

186 3817 356 3910 possunt,
405 3809 467 3907 qui
502 3808 650 3885 verbum
693 3833 714 3879 e
750 3809 859 3884 verbo
895 3812 1090 3911 exprimere
1131 3816 1290 3896 student

186 3938 430 4039 Quamobrem
455 3938 574 4016 Crusii
598 3940 936 4039 interpretationem,
952 3942 1058 4016 fidam
1075 3946 1218 4046 ubique,
1234 3953 1289 4027 sic

185 4068 399 4169 interpolare
432 4073 549 4171 coepi,
575 4082 616 4146 ut
645 4071 797 4171 primum
829 4098 891 4148 eos
917 4073 1015 4149 locos
1051 4077 1287 4175 emendarem,

185 4202 222 4276 in
247 4202 377 4302 quibus
402 4202 591 4280 manifesto
616 4220 761 4280 sensum
786 4229 859 4279 non
874 4207 1130 4307 perspexisset,
1148 4209 1285 4291 deinde
