<?xml version="1.0" encoding="UTF-8"?>
<!DOCTYPE html PUBLIC "-//W3C//DTD XHTML 1.0 Transitional//EN"
    "http://www.w3.org/TR/xhtml1/DTD/xhtml1-transitional.dtd">
<html xmlns="http://www.w3.org/1999/xhtml" xml:lang="en" lang="en">
 <head>
  <title>
</title>
<meta http-equiv="Content-Type" content="text/html;charset=utf-8" />
  <meta name='ocr-system' content='tesseract 3.04.00' />
  <meta name='ocr-capabilities' content='ocr_page ocr_carea ocr_par ocr_line ocrx_word'/>
</head>
<body>
  <div class='ocr_page' id='page_1' title='image "./demetriizenipar00mullgoog_0046.png"; bbox 0 0 2684 4740; ppageno 0'>
   <div class='ocr_carea' id='block_1_1' title="bbox 1125 202 1246 257">
    <p class='ocr_par' dir='ltr' id='par_1_1' title="bbox 1125 202 1246 257">
     <span class='ocr_line' id='line_1_1' title="bbox 1125 202 1246 257; baseline 0.066 -9"><span class='ocrx_word' id='word_1_1' title='bbox 1125 202 1246 257; x_wconf 69' lang='lat' dir='ltr'>xxxix,</span> 
     </span>
    </p>
   </div>
   <div class='ocr_carea' id='block_1_2' title="bbox 70 359 1233 3880">
    <p class='ocr_par' dir='ltr' id='par_1_2' title="bbox 70 359 1233 3880">
     <span class='ocr_line' id='line_1_2' title="bbox 128 359 1233 468; baseline 0.013 -35"><span class='ocrx_word' id='word_1_2' title='bbox 128 359 245 451; x_wconf 82' lang='lat' dir='ltr'>scivit,</span> <span class='ocrx_word' id='word_1_3' title='bbox 270 385 389 462; x_wconf 90' lang='lat' dir='ltr'>neque</span> <span class='ocrx_word' id='word_1_4' title='bbox 415 373 578 438; x_wconf 80' lang='lat' dir='ltr'>accurate</span> <span class='ocrx_word' id='word_1_5' title='bbox 604 363 720 438; x_wconf 90' lang='lat' dir='ltr'>omnia</span> <span class='ocrx_word' id='word_1_6' title='bbox 746 362 1000 466; x_wconf 80' lang='lat' dir='ltr'>interprelalns</span> <span class='ocrx_word' id='word_1_7' title='bbox 1019 379 1083 443; x_wconf 87' lang='lat' dir='ltr'>esl.</span> <span class='ocrx_word' id='word_1_8' title='bbox 1110 369 1233 468; x_wconf 80' lang='lat' dir='ltr'><strong>Quare</strong></span> 
     </span>
     <span class='ocr_line' id='line_1_3' title="bbox 126 495 1232 598; baseline 0.014 -32"><span class='ocrx_word' id='word_1_9' title='bbox 126 518 199 567; x_wconf 90' lang='lat' dir='ltr'>nou</span> <span class='ocrx_word' id='word_1_10' title='bbox 226 519 373 595; x_wconf 86' lang='lat' dir='ltr'>magnae</span> <span class='ocrx_word' id='word_1_11' title='bbox 398 495 559 570; x_wconf 71' lang='lat' dir='ltr'>utilitatis</span> <span class='ocrx_word' id='word_1_12' title='bbox 592 499 670 595; x_wconf 83' lang='lat' dir='ltr'>ejus</span> <span class='ocrx_word' id='word_1_13' title='bbox 702 522 793 596; x_wconf 92' lang='lat' dir='ltr'>opus</span> <span class='ocrx_word' id='word_1_14' title='bbox 825 523 907 572; x_wconf 89' lang='lat' dir='ltr'>esse</span> <span class='ocrx_word' id='word_1_15' title='bbox 939 509 1048 598; x_wconf 80' lang='lat' dir='ltr'>patet.</span> <span class='ocrx_word' id='word_1_16' title='bbox 1101 501 1232 581; x_wconf 77' lang='lat' dir='ltr'>Editus</span> 
     </span>
     <span class='ocr_line' id='line_1_4' title="bbox 70 625 1232 730; baseline 0.007 -30"><span class='ocrx_word' id='word_1_17' title='bbox 70 660 86 671; x_wconf 74' lang='lat'><em>-</em></span> <span class='ocrx_word' id='word_1_18' title='bbox 126 635 186 707; x_wconf 83' lang='lat' dir='ltr'>c&#39;st</span> <span class='ocrx_word' id='word_1_19' title='bbox 209 627 287 724; x_wconf 87' lang='lat' dir='ltr'>ejus</span> <span class='ocrx_word' id='word_1_20' title='bbox 313 625 502 701; x_wconf 79' lang='lat' dir='ltr'><strong>thesaurus</strong></span> <span class='ocrx_word' id='word_1_21' title='bbox 516 627 668 730; x_wconf 72' lang='lat' dir='ltr'>‘linguae</span> <span class='ocrx_word' id='word_1_22' title='bbox 694 655 842 729; x_wconf 78' lang='lat' dir='ltr'>graecae</span> <span class='ocrx_word' id='word_1_23' title='bbox 868 629 1024 730; x_wconf 86' lang='lat' dir='ltr'>vulgaris</span> <span class='ocrx_word' id='word_1_24' title='bbox 1042 641 1079 706; x_wconf 84' lang='lat' dir='ltr'>el</span> <span class='ocrx_word' id='word_1_25' title='bbox 1094 631 1232 721; x_wconf 76' lang='lat' dir='ltr'>italicae</span> 
     </span>
     <span class='ocr_line' id='line_1_5' title="bbox 70 750 1230 864; baseline 0.009 -35"><span class='ocrx_word' id='word_1_26' title='bbox 70 750 74 757; x_wconf 71' lang='grc'><strong>’</strong></span> <span class='ocrx_word' id='word_1_27' title='bbox 123 766 384 856; x_wconf 81' lang='lat' dir='ltr'>postmortem</span> <span class='ocrx_word' id='word_1_28' title='bbox 408 760 562 834; x_wconf 78' lang='lat' dir='ltr'>auctoris</span> <span class='ocrx_word' id='word_1_29' title='bbox 592 759 755 836; x_wconf 77' lang='lat' dir='ltr'>Lutetiae</span> <span class='ocrx_word' id='word_1_30' title='bbox 789 763 881 835; x_wconf 79' lang='lat'>1709</span> <span class='ocrx_word' id='word_1_31' title='bbox 911 761 982 837; x_wconf 91' lang='lat' dir='ltr'>boc</span> <span class='ocrx_word' id='word_1_32' title='bbox 1015 762 1147 864; x_wconf 83' lang='lat' dir='ltr'>duplici</span> <span class='ocrx_word' id='word_1_33' title='bbox 1177 765 1230 839; x_wconf 88' lang='lat' dir='ltr'>in·</span> 
     </span>
     <span class='ocr_line' id='line_1_6' title="bbox 124 888 1230 998; baseline 0.007 -36"><span class='ocrx_word' id='word_1_34' title='bbox 124 888 280 988; x_wconf 82' lang='lat' dir='ltr'>scriptus</span> <span class='ocrx_word' id='word_1_35' title='bbox 319 889 450 992; x_wconf 87' lang='lat' dir='ltr'>elogio:</span> <span class='ocrx_word' id='word_1_36' title='bbox 501 890 708 994; x_wconf 72' lang='grc' dir='ltr'>Θησαυρδς</span> <span class='ocrx_word' id='word_1_37' title='bbox 736 897 802 993; x_wconf 73' lang='grc' dir='ltr'>τῆς</span> <span class='ocrx_word' id='word_1_38' title='bbox 828 893 1038 994; x_wconf 72' lang='grc' dir='ltr'><em>Ῥωμαϊκῆς</em></span> <span class='ocrx_word' id='word_1_39' title='bbox 1067 893 1130 968; x_wconf 79' lang='grc' dir='ltr'>καὶ</span> <span class='ocrx_word' id='word_1_40' title='bbox 1164 901 1230 998; x_wconf 61' lang='grc' dir='ltr'>τῆς</span> 
     </span>
     <span class='ocr_line' id='line_1_7' title="bbox 122 995 1228 1124; baseline 0.008 -32"><span class='ocrx_word' id='word_1_41' title='bbox 122 1017 344 1123; x_wconf 70' lang='grc' dir='ltr'>Φρώγκικης</span> <span class='ocrx_word' id='word_1_42' title='bbox 364 995 558 1124; x_wconf 64' lang='grc' dir='ltr'>1γλώσσαις.</span> <span class='ocrx_word' id='word_1_43' title='bbox 593 1022 749 1098; x_wconf 83' lang='lat' dir='ltr'>·Tes0rn</span> <span class='ocrx_word' id='word_1_44' title='bbox 774 1022 865 1096; x_wconf 90' lang='lat' dir='ltr'>della</span> <span class='ocrx_word' id='word_1_45' title='bbox 891 1024 1009 1122; x_wconf 84' lang='lat' dir='ltr'>lingua</span> <span class='ocrx_word' id='word_1_46' title='bbox 1034 1024 1180 1099; x_wconf 87' lang='lat' dir='ltr'>Ilaliana</span> <span class='ocrx_word' id='word_1_47' title='bbox 1206 1052 1228 1101; x_wconf 89' lang='lat' dir='ltr'>o</span> 
     </span>
     <span class='ocr_line' id='line_1_8' title="bbox 104 1126 1227 1258; baseline 0.002 -33"><span class='ocrx_word' id='word_1_48' title='bbox 104 1150 424 1258; x_wconf 49' lang='lat' dir='ltr'>¹GrecafVolgare</span> <span class='ocrx_word' id='word_1_49' title='bbox 449 1154 494 1227; x_wconf 86' lang='lat' dir='ltr'>dn</span> <span class='ocrx_word' id='word_1_50' title='bbox 523 1155 727 1230; x_wconf 84' lang='lat' dir='ltr'>Somavera.</span> <span class='ocrx_word' id='word_1_51' title='bbox 781 1126 911 1252; x_wconf 83' lang='lat' dir='ltr'>Parigi.</span> <span class='ocrx_word' id='word_1_52' title='bbox 940 1157 1044 1228; x_wconf 75' lang='lat'><strong>1709.</strong></span> <span class='ocrx_word' id='word_1_53' title='bbox 1075 1155 1227 1241; x_wconf 70' lang='lat' dir='ltr'>2&#39;l&#39;om,</span> 
     </span>
     <span class='ocr_line' id='line_1_9' title="bbox 79 1280 1226 1384; baseline 0.009 -32"><span class='ocrx_word' id='word_1_54' title='bbox 79 1286 91 1299; x_wconf 83' lang='grc'><strong><em>”</em></strong></span> <span class='ocrx_word' id='word_1_55' title='bbox 125 1284 159 1353; x_wconf 77' lang='lat'>4.</span> <span class='ocrx_word' id='word_1_56' title='bbox 183 1280 302 1354; x_wconf 78' lang='lat' dir='ltr'>Multo</span> <span class='ocrx_word' id='word_1_57' title='bbox 326 1284 469 1380; x_wconf 86' lang='lat' dir='ltr'>majoris</span> <span class='ocrx_word' id='word_1_58' title='bbox 495 1283 601 1383; x_wconf 85' lang='lat' dir='ltr'>prelii</span> <span class='ocrx_word' id='word_1_59' title='bbox 626 1292 698 1357; x_wconf 86' lang='lat' dir='ltr'>esl:</span> <span class='ocrx_word' id='word_1_60' title='bbox 722 1281 862 1373; x_wconf 86' lang='lat' dir='ltr'>„Caroli</span> <span class='ocrx_word' id='word_1_61' title='bbox 888 1284 1062 1384; x_wconf 89' lang='lat' dir='ltr'>Ducangii</span> <span class='ocrx_word' id='word_1_62' title='bbox 1081 1284 1226 1361; x_wconf 83' lang='lat' dir='ltr'>Glossa-</span> 
     </span>
     <span class='ocr_line' id='line_1_10' title="bbox 119 1411 1232 1515; baseline 0.004 -30"><span class='ocrx_word' id='word_1_63' title='bbox 119 1411 215 1485; x_wconf 87' lang='lat' dir='ltr'>rium</span> <span class='ocrx_word' id='word_1_64' title='bbox 239 1411 285 1484; x_wconf 88' lang='lat' dir='ltr'>ad</span> <span class='ocrx_word' id='word_1_65' title='bbox 310 1414 504 1513; x_wconf 83' lang='lat' dir='ltr'>scriptores</span> <span class='ocrx_word' id='word_1_66' title='bbox 535 1412 671 1487; x_wconf 88' lang='lat' dir='ltr'>mediae</span> <span class='ocrx_word' id='word_1_67' title='bbox 703 1423 740 1488; x_wconf 81' lang='lat' dir='ltr'>et</span> <span class='ocrx_word' id='word_1_68' title='bbox 768 1414 908 1487; x_wconf 81' lang='lat' dir='ltr'>infimae</span> <span class='ocrx_word' id='word_1_69' title='bbox 939 1416 1157 1515; x_wconf 81' lang='lat' dir='ltr'>graccilalis,</span> <span class='ocrx_word' id='word_1_70' title='bbox 1186 1419 1232 1493; x_wconf 89' lang='lat' dir='ltr'>in.</span> 
     </span>
     <span class='ocr_line' id='line_1_11' title="bbox 119 1543 1221 1646; baseline 0.009 -31"><span class='ocrx_word' id='word_1_71' title='bbox 119 1568 193 1640; x_wconf 91' lang='lat' dir='ltr'>quo</span> <span class='ocrx_word' id='word_1_72' title='bbox 218 1568 345 1642; x_wconf 85' lang='lat' dir='ltr'>graeca</span> <span class='ocrx_word' id='word_1_73' title='bbox 369 1543 538 1620; x_wconf 77' lang='lat' dir='ltr'>vocobida</span> <span class='ocrx_word' id='word_1_74' title='bbox 564 1554 712 1619; x_wconf 81' lang='lat' dir='ltr'>novolae</span> <span class='ocrx_word' id='word_1_75' title='bbox 743 1544 1010 1646; x_wconf 86' lang='lat' dir='ltr'>significaliouis</span> <span class='ocrx_word' id='word_1_76' title='bbox 1041 1555 1103 1620; x_wconf 81' lang='lat' dir='ltr'>aul</span> <span class='ocrx_word' id='word_1_77' title='bbox 1135 1574 1221 1625; x_wconf 76' lang='lat' dir='ltr'>usius</span> 
     </span>
     <span class='ocr_line' id='line_1_12' title="bbox 118 1673 1222 1777; baseline 0.006 -30"><span class='ocrx_word' id='word_1_78' title='bbox 118 1673 280 1764; x_wconf 86' lang='lat' dir='ltr'>rarioris,</span> <span class='ocrx_word' id='word_1_79' title='bbox 310 1676 475 1764; x_wconf 80' lang='lat' dir='ltr'>barbara,</span> <span class='ocrx_word' id='word_1_80' title='bbox 500 1677 656 1765; x_wconf 84' lang='lat' dir='ltr'>exotica,</span> <span class='ocrx_word' id='word_1_81' title='bbox 681 1675 937 1767; x_wconf 83' lang='lat' dir='ltr'>ecclesiaslica,</span> <span class='ocrx_word' id='word_1_82' title='bbox 967 1677 1145 1777; x_wconf 84' lang='lat' dir='ltr'>liturgica,</span> <span class='ocrx_word' id='word_1_83' title='bbox 1173 1689 1222 1753; x_wconf 84' lang='lat' dir='ltr'>la·</span> 
     </span>
     <span class='ocr_line' id='line_1_13' title="bbox 106 1774 1221 1908; baseline 0.004 -29"><span class='ocrx_word' id='word_1_84' title='bbox 106 1805 230 1894; x_wconf 84' lang='lat' dir='ltr'>elica,</span> <span class='ocrx_word' id='word_1_85' title='bbox 254 1807 407 1895; x_wconf 89' lang='lat' dir='ltr'>uomica,</span> <span class='ocrx_word' id='word_1_86' title='bbox 433 1808 569 1896; x_wconf 76' lang='lat' dir='ltr'>iatrica,</span> <span class='ocrx_word' id='word_1_87' title='bbox 594 1806 757 1880; x_wconf 83' lang='lat' dir='ltr'>butanica</span> <span class='ocrx_word' id='word_1_88' title='bbox 766 1774 787 1896; x_wconf 45' lang='lat'>,&#39;</span> <span class='ocrx_word' id='word_1_89' title='bbox 801 1805 960 1905; x_wconf 81' lang='lat' dir='ltr'>cliymica</span> <span class='ocrx_word' id='word_1_90' title='bbox 979 1808 1221 1908; x_wconf 78' lang='lat' dir='ltr'>explicantur,</span> 
     </span>
     <span class='ocr_line' id='line_1_14' title="bbox 118 1937 1221 2037; baseline 0.004 -26"><span class='ocrx_word' id='word_1_91' title='bbox 118 1963 312 2036; x_wconf 87' lang='lat' dir='ltr'>eorumque</span> <span class='ocrx_word' id='word_1_92' title='bbox 337 1938 502 2013; x_wconf 78' lang='lat' dir='ltr'>notiones</span> <span class='ocrx_word' id='word_1_93' title='bbox 529 1948 565 2014; x_wconf 88' lang='lat' dir='ltr'>et</span> <span class='ocrx_word' id='word_1_94' title='bbox 588 1937 840 2037; x_wconf 70' lang='lat' dir='ltr'>originationes</span> <span class='ocrx_word' id='word_1_95' title='bbox 857 1947 1066 2037; x_wconf 73' lang='lat' dir='ltr'>releguntur</span> <span class='ocrx_word' id='word_1_96' title='bbox 1085 1940 1221 2015; x_wconf 72' lang='lat' dir='ltr'>olibrio</span> 
     </span>
     <span class='ocr_line' id='line_1_15' title="bbox 70 2046 1221 2172; baseline 0.004 -31"><span class='ocrx_word' id='word_1_97' title='bbox 70 2046 243 2158; x_wconf 58' lang='lat' dir='ltr'>deditis,</span> <span class='ocrx_word' id='word_1_98' title='bbox 278 2069 422 2144; x_wconf 82' lang='lat' dir='ltr'>ineditis</span> <span class='ocrx_word' id='word_1_99' title='bbox 459 2069 716 2167; x_wconf 87' lang='lat' dir='ltr'>veleribusque</span> <span class='ocrx_word' id='word_1_100' title='bbox 747 2070 1003 2157; x_wconf 79' lang='lat' dir='ltr'>monumentis,</span> <span class='ocrx_word' id='word_1_101' title='bbox 1054 2071 1221 2172; x_wconf 86' lang='lat' dir='ltr'>Lugduni</span> 
     </span>
     <span class='ocr_line' id='line_1_16' title="bbox 117 2195 1221 2301; baseline 0.001 -27"><span class='ocrx_word' id='word_1_102' title='bbox 117 2200 212 2301; x_wconf 90' lang='lat' dir='ltr'>apud</span> <span class='ocrx_word' id='word_1_103' title='bbox 239 2200 453 2274; x_wconf 90' lang='lat' dir='ltr'>Anissonios</span> <span class='ocrx_word' id='word_1_104' title='bbox 479 2224 572 2273; x_wconf 88' lang='lat' dir='ltr'>anuo</span> <span class='ocrx_word' id='word_1_105' title='bbox 600 2195 971 2293; x_wconf 77' lang='lat' dir='ltr'>1688³’divulgatun1.</span> <span class='ocrx_word' id='word_1_106' title='bbox 1008 2199 1083 2272; x_wconf 85' lang='lat' dir='ltr'>Sed</span> <span class='ocrx_word' id='word_1_107' title='bbox 1101 2226 1221 2297; x_wconf 84' lang='lat' dir='ltr'>quam-¹</span> 
     </span>
     <span class='ocr_line' id='line_1_17' title="bbox 116 2327 1220 2429; baseline -0.004 -21"><span class='ocrx_word' id='word_1_108' title='bbox 116 2332 174 2408; x_wconf 84' lang='lat' dir='ltr'>vis</span> <span class='ocrx_word' id='word_1_109' title='bbox 199 2329 254 2406; x_wconf 84' lang='lat' dir='ltr'>vir</span> <span class='ocrx_word' id='word_1_110' title='bbox 284 2328 583 2404; x_wconf 86' lang='lat' dir='ltr'>laboriosissimus</span> <span class='ocrx_word' id='word_1_111' title='bbox 613 2327 684 2402; x_wconf 89' lang='lat' dir='ltr'>hoc</span> <span class='ocrx_word' id='word_1_112' title='bbox 715 2328 851 2429; x_wconf 76' lang='lat' dir='ltr'>ingenti</span> <span class='ocrx_word' id='word_1_113' title='bbox 882 2354 992 2428; x_wconf 88' lang='lat' dir='ltr'>opere</span> <span class='ocrx_word' id='word_1_114' title='bbox 1024 2328 1220 2407; x_wconf 72' lang='lat' dir='ltr'>inmortale</span> 
     </span>
     <span class='ocr_line' id='line_1_18' title="bbox 116 2459 1219 2562; baseline 0.001 -26"><span class='ocrx_word' id='word_1_115' title='bbox 116 2459 218 2562; x_wconf 30' lang='lat' dir='ltr'>apud·</span> <span class='ocrx_word' id='word_1_116' title='bbox 234 2471 400 2562; x_wconf 81' lang='lat' dir='ltr'>posteros</span> <span class='ocrx_word' id='word_1_117' title='bbox 424 2486 555 2535; x_wconf 89' lang='lat' dir='ltr'>nomen</span> <span class='ocrx_word' id='word_1_118' title='bbox 580 2470 794 2536; x_wconf 85' lang='lat' dir='ltr'>consecutus</span> <span class='ocrx_word' id='word_1_119' title='bbox 820 2460 877 2552; x_wconf 83' lang='lat' dir='ltr'>sit,</span> <span class='ocrx_word' id='word_1_120' title='bbox 902 2469 1031 2551; x_wconf 77' lang='lat' dir='ltr'>lamen,</span> <span class='ocrx_word' id='word_1_121' title='bbox 1057 2461 1141 2561; x_wconf 89' lang='lat' dir='ltr'>quia</span> <span class='ocrx_word' id='word_1_122' title='bbox 1159 2489 1219 2562; x_wconf 90' lang='lat' dir='ltr'>pa-</span> 
     </span>
     <span class='ocr_line' id='line_1_19' title="bbox 116 2592 1219 2695; baseline -0.001 -27"><span class='ocrx_word' id='word_1_123' title='bbox 116 2619 193 2668; x_wconf 81' lang='lat' dir='ltr'>num</span> <span class='ocrx_word' id='word_1_124' title='bbox 220 2594 401 2695; x_wconf 79' lang='lat' dir='ltr'>cognitum</span> <span class='ocrx_word' id='word_1_125' title='bbox 425 2593 579 2667; x_wconf 81' lang='lat' dir='ltr'>habebat</span> <span class='ocrx_word' id='word_1_126' title='bbox 601 2592 783 2693; x_wconf 85' lang='lat' dir='ltr'>vulgarem</span> <span class='ocrx_word' id='word_1_127' title='bbox 813 2616 1013 2666; x_wconf 84' lang='lat' dir='ltr'>sermonem</span> <span class='ocrx_word' id='word_1_128' title='bbox 1045 2619 1219 2692; x_wconf 86' lang='lat' dir='ltr'>graecum,</span> 
     </span>
     <span class='ocr_line' id='line_1_20' title="bbox 114 2718 1220 2822; baseline -0.005 -20"><span class='ocrx_word' id='word_1_129' title='bbox 114 2735 189 2802; x_wconf 79' lang='lat' dir='ltr'>lam</span> <span class='ocrx_word' id='word_1_130' title='bbox 214 2748 322 2822; x_wconf 85' lang='lat' dir='ltr'>saepe</span> <span class='ocrx_word' id='word_1_131' title='bbox 346 2722 468 2822; x_wconf 91' lang='lat' dir='ltr'>lapsus</span> <span class='ocrx_word' id='word_1_132' title='bbox 494 2732 561 2809; x_wconf 65' lang='lat' dir='ltr'>est,</span> <span class='ocrx_word' id='word_1_133' title='bbox 584 2731 626 2794; x_wconf 84' lang='lat' dir='ltr'>ut</span> <span class='ocrx_word' id='word_1_134' title='bbox 651 2721 714 2818; x_wconf 91' lang='lat' dir='ltr'>qui</span> <span class='ocrx_word' id='word_1_135' title='bbox 737 2718 862 2795; x_wconf 81' lang='lat' dir='ltr'>didicit</span> <span class='ocrx_word' id='word_1_136' title='bbox 887 2746 965 2792; x_wconf 83' lang='lat' dir='ltr'>earu</span> <span class='ocrx_word' id='word_1_137' title='bbox 987 2720 1153 2820; x_wconf 83' lang='lat' dir='ltr'>linguam,</span> <span class='ocrx_word' id='word_1_138' title='bbox 1183 2724 1220 2796; x_wconf 91' lang='lat' dir='ltr'>iu</span> 
     </span>
     <span class='ocr_line' id='line_1_21' title="bbox 117 2847 1220 2953; baseline 0 -24"><span class='ocrx_word' id='word_1_139' title='bbox 117 2851 268 2953; x_wconf 83' lang='lat' dir='ltr'>singulis</span> <span class='ocrx_word' id='word_1_140' title='bbox 310 2852 447 2952; x_wconf 81' lang='lat' dir='ltr'>paginis</span> <span class='ocrx_word' id='word_1_141' title='bbox 484 2848 669 2952; x_wconf 83' lang='lat' dir='ltr'>permulta,</span> <span class='ocrx_word' id='word_1_142' title='bbox 706 2874 798 2949; x_wconf 89' lang='lat' dir='ltr'>quae</span> <span class='ocrx_word' id='word_1_143' title='bbox 836 2847 1019 2939; x_wconf 80' lang='lat' dir='ltr'>emendet,</span> <span class='ocrx_word' id='word_1_144' title='bbox 1056 2851 1220 2952; x_wconf 80' lang='lat' dir='ltr'>reperiat.</span> 
     </span>
     <span class='ocr_line' id='line_1_22' title="bbox 115 2980 1221 3092; baseline 0.001 -32"><span class='ocrx_word' id='word_1_145' title='bbox 115 2982 248 3084; x_wconf 89' lang='lat' dir='ltr'><strong>Neque</strong></span> <span class='ocrx_word' id='word_1_146' title='bbox 273 2983 367 3057; x_wconf 89' lang='lat' dir='ltr'>enirn</span> <span class='ocrx_word' id='word_1_147' title='bbox 391 2983 505 3092; x_wconf 77' lang='lat' dir='ltr'>solum</span> <span class='ocrx_word' id='word_1_148' title='bbox 530 2981 680 3083; x_wconf 86' lang='lat' dir='ltr'>plurima</span> <span class='ocrx_word' id='word_1_149' title='bbox 705 2981 811 3057; x_wconf 84' lang='lat' dir='ltr'>verba</span> <span class='ocrx_word' id='word_1_150' title='bbox 841 3007 915 3057; x_wconf 88' lang='lat' dir='ltr'>nou</span> <span class='ocrx_word' id='word_1_151' title='bbox 946 2980 1137 3073; x_wconf 83' lang='lat' dir='ltr'>inlellexit,</span> <span class='ocrx_word' id='word_1_152' title='bbox 1169 2992 1221 3061; x_wconf 79' lang='lat' dir='ltr'>al·</span> 
     </span>
     <span class='ocr_line' id='line_1_23' title="bbox 117 3113 1219 3217; baseline -0.002 -26"><span class='ocrx_word' id='word_1_153' title='bbox 117 3143 190 3217; x_wconf 91' lang='lat' dir='ltr'>que</span> <span class='ocrx_word' id='word_1_154' title='bbox 215 3142 265 3207; x_wconf 89' lang='lat' dir='ltr'>ea,</span> <span class='ocrx_word' id='word_1_155' title='bbox 291 3142 397 3215; x_wconf 86' lang='lat' dir='ltr'>quarn</span> <span class='ocrx_word' id='word_1_156' title='bbox 429 3113 572 3213; x_wconf 83' lang='lat' dir='ltr'>adjecit.</span> <span class='ocrx_word' id='word_1_157' title='bbox 605 3114 898 3214; x_wconf 80' lang='lat' dir='ltr'>iuterpretalione</span> <span class='ocrx_word' id='word_1_158' title='bbox 930 3142 950 3188; x_wconf 90' lang='lat' dir='ltr'>a</span> <span class='ocrx_word' id='word_1_159' title='bbox 980 3139 1065 3191; x_wconf 84' lang='lat' dir='ltr'>vero</span> <span class='ocrx_word' id='word_1_160' title='bbox 1093 3139 1219 3193; x_wconf 81' lang='lat' dir='ltr'>eorum</span> 
     </span>
     <span class='ocr_line' id='line_1_24' title="bbox 117 3243 1218 3346; baseline -0.007 -20"><span class='ocrx_word' id='word_1_161' title='bbox 117 3273 228 3326; x_wconf 87' lang='lat' dir='ltr'>sensu</span> <span class='ocrx_word' id='word_1_162' title='bbox 259 3246 450 3336; x_wconf 85' lang='lat' dir='ltr'>aberravit,</span> <span class='ocrx_word' id='word_1_163' title='bbox 488 3243 553 3321; x_wconf 90' lang='lat' dir='ltr'>sed</span> <span class='ocrx_word' id='word_1_164' title='bbox 584 3244 690 3319; x_wconf 85' lang='lat' dir='ltr'>etiam</span> <span class='ocrx_word' id='word_1_165' title='bbox 722 3245 892 3346; x_wconf 86' lang='lat' dir='ltr'>pleraque</span> <span class='ocrx_word' id='word_1_166' title='bbox 923 3245 1051 3343; x_wconf 90' lang='lat' dir='ltr'>quibus</span> <span class='ocrx_word' id='word_1_167' title='bbox 1089 3246 1218 3320; x_wconf 76' lang='lat' dir='ltr'>litteris</span> 
     </span>
     <span class='ocr_line' id='line_1_25' title="bbox 84 3375 1219 3467; baseline -0.007 -11"><span class='ocrx_word' id='word_1_168' title='bbox 84 3402 86 3407; x_wconf 79' lang='grc'>’</span> <span class='ocrx_word' id='word_1_169' title='bbox 117 3379 306 3456; x_wconf 79' lang='lat' dir='ltr'>scribenda</span> <span class='ocrx_word' id='word_1_170' title='bbox 330 3387 462 3467; x_wconf 81' lang='lat' dir='ltr'>essent,</span> <span class='ocrx_word' id='word_1_171' title='bbox 486 3377 648 3453; x_wconf 77' lang='lat' dir='ltr'>nescivit.</span> <span class='ocrx_word' id='word_1_172' title='bbox 695 3375 748 3451; x_wconf 82' lang='lat' dir='ltr'>At</span> <span class='ocrx_word' id='word_1_173' title='bbox 772 3386 911 3452; x_wconf 82' lang='lat' dir='ltr'>lautum</span> <span class='ocrx_word' id='word_1_174' title='bbox 933 3377 1046 3464; x_wconf 79' lang='lat' dir='ltr'>abest,</span> <span class='ocrx_word' id='word_1_175' title='bbox 1070 3385 1112 3450; x_wconf 78' lang='lat' dir='ltr'>ut</span> <span class='ocrx_word' id='word_1_176' title='bbox 1135 3401 1219 3449; x_wconf 90' lang='lat' dir='ltr'>con·</span> 
     </span>
     <span class='ocr_line' id='line_1_26' title="bbox 117 3506 1219 3610; baseline -0.003 -22"><span class='ocrx_word' id='word_1_177' title='bbox 117 3522 273 3588; x_wconf 79' lang='lat' dir='ltr'>lemnam</span> <span class='ocrx_word' id='word_1_178' title='bbox 296 3509 367 3585; x_wconf 89' lang='lat' dir='ltr'>hoc</span> <span class='ocrx_word' id='word_1_179' title='bbox 392 3509 614 3610; x_wconf 85' lang='lat' dir='ltr'>glossarium,</span> <span class='ocrx_word' id='word_1_180' title='bbox 637 3517 678 3582; x_wconf 80' lang='lat' dir='ltr'>ul</span> <span class='ocrx_word' id='word_1_181' title='bbox 704 3535 794 3607; x_wconf 88' lang='lat' dir='ltr'>quae</span> <span class='ocrx_word' id='word_1_182' title='bbox 820 3511 901 3607; x_wconf 76' lang='lat' dir='ltr'>ejus</span> <span class='ocrx_word' id='word_1_183' title='bbox 921 3515 1045 3582; x_wconf 83' lang='lat' dir='ltr'>auctor</span> <span class='ocrx_word' id='word_1_184' title='bbox 1077 3532 1121 3580; x_wconf 84' lang='lat' dir='ltr'>ex</span> <span class='ocrx_word' id='word_1_185' title='bbox 1145 3506 1219 3585; x_wconf 83' lang='lat' dir='ltr'>ine·</span> 
     </span>
     <span class='ocr_line' id='line_1_27' title="bbox 118 3638 1219 3741; baseline -0.004 -24"><span class='ocrx_word' id='word_1_186' title='bbox 118 3643 202 3719; x_wconf 80' lang='lat' dir='ltr'>ditis</span> <span class='ocrx_word' id='word_1_187' title='bbox 227 3640 465 3716; x_wconf 75' lang='lat' dir='ltr'>bibliothecae</span> <span class='ocrx_word' id='word_1_188' title='bbox 489 3640 671 3715; x_wconf 87' lang='lat' dir='ltr'>Parisinae</span> <span class='ocrx_word' id='word_1_189' title='bbox 691 3639 883 3741; x_wconf 85' lang='lat' dir='ltr'>glossariis,</span> <span class='ocrx_word' id='word_1_190' title='bbox 907 3638 1109 3716; x_wconf 79' lang='lat' dir='ltr'>sclroliaslis</span> <span class='ocrx_word' id='word_1_191' title='bbox 1126 3639 1219 3717; x_wconf 68' lang='lat' dir='ltr'>aliis.</span> 
     </span>
     <span class='ocr_line' id='line_1_28' title="bbox 118 3740 1220 3880; baseline -0.003 -31"><span class='ocrx_word' id='word_1_192' title='bbox 118 3792 190 3874; x_wconf 76' lang='lat' dir='ltr'>quc</span> <span class='ocrx_word' id='word_1_193' title='bbox 220 3773 459 3852; x_wconf 87' lang='lat' dir='ltr'>mou-umenlis</span> <span class='ocrx_word' id='word_1_194' title='bbox 490 3740 625 3863; x_wconf 69' lang='lat' dir='ltr'>lrausil,</span> <span class='ocrx_word' id='word_1_195' title='bbox 657 3797 699 3845; x_wconf 85' lang='lat' dir='ltr'>ea</span> <span class='ocrx_word' id='word_1_196' title='bbox 729 3773 844 3846; x_wconf 88' lang='lat' dir='ltr'>bonae</span> <span class='ocrx_word' id='word_1_197' title='bbox 875 3771 986 3874; x_wconf 81' lang='lat' dir='ltr'>frugis</span> <span class='ocrx_word' id='word_1_198' title='bbox 1012 3771 1220 3880; x_wconf 87' lang='lat' dir='ltr'>plenissima</span> 
     </span>
    </p>
   </div>
   <div class='ocr_carea' id='block_1_3' title="bbox 118 3903 1335 4260">
    <p class='ocr_par' dir='ltr' id='par_1_3' title="bbox 118 3903 1335 4260">
     <span class='ocr_line' id='line_1_29' title="bbox 118 3903 1220 4021; baseline -0.002 -41"><span class='ocrx_word' id='word_1_199' title='bbox 118 3905 281 4006; x_wconf 75' lang='lat' dir='ltr'>iudicem.</span> <span class='ocrx_word' id='word_1_200' title='bbox 299 3986 318 4021; x_wconf 43' lang='grc' dir='ltr'><strong><em>ι</em></strong></span> <span class='ocrx_word' id='word_1_201' title='bbox 332 3904 475 4006; x_wconf 84' lang='lat' dir='ltr'>Quodsi</span> <span class='ocrx_word' id='word_1_202' title='bbox 500 3905 536 3978; x_wconf 93' lang='lat' dir='ltr'>in</span> <span class='ocrx_word' id='word_1_203' title='bbox 562 3905 616 3991; x_wconf 85' lang='lat' dir='ltr'>iis,</span> <span class='ocrx_word' id='word_1_204' title='bbox 643 3931 734 4004; x_wconf 87' lang='lat' dir='ltr'>quae</span> <span class='ocrx_word' id='word_1_205' title='bbox 758 3906 802 3979; x_wconf 90' lang='lat' dir='ltr'>ab</span> <span class='ocrx_word' id='word_1_206' title='bbox 829 3904 905 3980; x_wconf 90' lang='lat' dir='ltr'>aliis</span> <span class='ocrx_word' id='word_1_207' title='bbox 930 3931 1005 4015; x_wconf 86' lang='lat' dir='ltr'>nou</span> <span class='ocrx_word' id='word_1_208' title='bbox 1027 3903 1220 3982; x_wconf 79' lang='lat' dir='ltr'>dilucidato</span> 
     </span>
     <span class='ocr_line' id='line_1_30' title="bbox 118 4022 1335 4137; baseline -0.004 -27"><span class='ocrx_word' id='word_1_209' title='bbox 118 4036 198 4137; x_wconf 92' lang='lat' dir='ltr'>ipse</span> <span class='ocrx_word' id='word_1_210' title='bbox 216 4022 408 4113; x_wconf 79' lang='lat' dir='ltr'>dilucidare</span> <span class='ocrx_word' id='word_1_211' title='bbox 426 4037 587 4126; x_wconf 75' lang='lat' dir='ltr'>lentavit,</span> <span class='ocrx_word' id='word_1_212' title='bbox 611 4036 665 4111; x_wconf 89' lang='lat' dir='ltr'>sie</span> <span class='ocrx_word' id='word_1_213' title='bbox 689 4064 769 4111; x_wconf 80' lang='lat' dir='ltr'>euni</span> <span class='ocrx_word' id='word_1_214' title='bbox 795 4034 1004 4135; x_wconf 86' lang='lat' dir='ltr'>plerumque</span> <span class='ocrx_word' id='word_1_215' title='bbox 1029 4033 1100 4107; x_wconf 85' lang='lat' dir='ltr'>lolli</span> <span class='ocrx_word' id='word_1_216' title='bbox 1124 4035 1220 4112; x_wconf 87' lang='lat' dir='ltr'>vide-</span> <span class='ocrx_word' id='word_1_217' title='bbox 1331 4129 1335 4136; x_wconf 21' lang='grc' dir='ltr'><strong><em>ι</em></strong></span> 
     </span>
     <span class='ocr_line' id='line_1_31' title="bbox 120 4147 1222 4260; baseline -0.009 -18"><span class='ocrx_word' id='word_1_218' title='bbox 120 4147 276 4260; x_wconf 67' lang='lat' dir='ltr'>uius&#39;ul</span> <span class='ocrx_word' id='word_1_219' title='bbox 300 4169 338 4242; x_wconf 91' lang='lat' dir='ltr'>in</span> <span class='ocrx_word' id='word_1_220' title='bbox 361 4169 535 4249; x_wconf 83' lang='lat' dir='ltr'>ioculares</span> <span class='ocrx_word' id='word_1_221' title='bbox 561 4194 698 4243; x_wconf 83' lang='lat' dir='ltr'>errores</span> <span class='ocrx_word' id='word_1_222' title='bbox 725 4168 871 4247; x_wconf 82' lang='lat' dir='ltr'>labatur,</span> <span class='ocrx_word' id='word_1_223' title='bbox 896 4166 999 4238; x_wconf 84' lang='lat' dir='ltr'>venia</span> <span class='ocrx_word' id='word_1_224' title='bbox 1025 4163 1139 4236; x_wconf 88' lang='lat' dir='ltr'>danda</span> <span class='ocrx_word' id='word_1_225' title='bbox 1165 4169 1222 4234; x_wconf 87' lang='lat' dir='ltr'>est</span> 
     </span>
    </p>
   </div>
   <div class='ocr_carea' id='block_1_4' title="bbox 0 0 1346 4740">
    <p class='ocr_par' dir='ltr' id='par_1_4' title="bbox 0 0 1346 4740">
     <span class='ocr_line' id='line_1_32' title="bbox 0 0 1346 4740; baseline 0 1"><span class='ocrx_word' id='word_1_226' title='bbox 0 0 1346 4740; x_wconf 95' lang='lat' dir='ltr'> </span> 
     </span>
    </p>
   </div>
  </div>
 </body>
</html>
