2684 4740
186 246 208 294 h

191 411 362 489 madverti
387 409 446 484 vix
472 414 589 506 queat.
638 400 828 503 Quidquid
852 400 960 501 igitur
990 397 1175 498 discrepat
1207 399 1300 475 inter

189 557 394 643 utrumque,
420 542 457 613 in
483 536 748 613 Commentario
780 533 954 617 adnotari.
1011 529 1209 630 Quomodo
1235 530 1299 607 Ze·

190 702 260 753 nus
285 669 718 770 Batrachomyomachiam
744 665 901 740 imitatus
927 662 986 754 sit,
1002 661 1086 737 nolo
1104 661 1225 738 fusius
1244 689 1300 739 ex·

192 835 336 911 ponere,
362 832 471 905 quum
496 801 582 876 mihi
607 799 783 874 adfinem
808 795 1070 898 properandum
1097 795 1155 870 sit
1182 795 1227 871 td
1245 822 1299 872 so

192 941 266 1016 lum
290 937 455 1038 adjungo,
481 933 579 1035 quod
602 931 759 1032 Ilgenius
784 930 822 1004 in
840 928 1059 1030 praefatione
1079 926 1125 1000 ad
1141 927 1299 1028 Hymnu-

194 1098 272 1146 rnm
295 1069 566 1145 Homerieorum
593 1062 784 1164 editionem
809 1090 843 1163 p.
868 1059 1046 1137 XXXlV
1078 1058 1123 1135 de
1148 1058 1220 1136 hac
1243 1089 1300 1163 pa·

194 1202 357 1305 raphrasi
381 1200 481 1290 dixit,
506 1220 678 1274 summam
704 1204 742 1271 et
762 1193 915 1305 sortasse
933 1192 1113 1293 aliquanto
1133 1197 1299 1292 majorem
1325 1208 1331 1213 '

197 1361 241 1408 ex
266 1360 318 1426 ea,
344 1358 450 1433 quam
476 1357 521 1404 ex
538 1327 732 1427 archetypo
750 1326 968 1426 voluptatem
986 1323 1131 1430 percipi.
1157 1323 1312 1401 Etenim¹

195 1467 338 1568 linguae
368 1463 522 1564 vulgaris
556 1458 764 1560 simplicitas
798 1484 879 1532 cum
911 1482 970 1546 eo,
1001 1456 1099 1556 quod
1128 1466 1300 1533 tractatur
1330 1442 1333 1447 ⁵

196 1605 416 1698 argumento,
440 1594 552 1694 magis
579 1590 748 1679 concinit,
775 1615 880 1688 quam
915 1588 1007 1688 epici
1036 1591 1215 1666 sermonis
1248 1617 1301 1667 su·

196 1730 361 1805 blimitas.
396 1726 478 1800 Huc
501 1716 640 1797 accedit
665 1718 763 1820 quod
787 1721 1012 1822 politicorum
1035 1745 1208 1797 versuum
1234 1749 1301 1799 me·

136 1878 140 1886 “
197 1871 291 1936 mum
316 1859 362 1931 ad
387 1854 511 1930 comici
537 1852 677 1955 generis
704 1877 792 1952 epos
809 1851 905 1925 haud
923 1850 1028 1952 paulo
1048 1851 1177 1951 aptius,
1197 1880 1302 1956 quarn

198 1987 422 2065 artificiosius
436 1983 523 2060 illud
534 1984 732 2058 hexametri
745 1983 1225 2078 metrumesse,censendum
1239 1996 1301 2063 est.
1315 2062 1321 2077 ,

343 2119 470 2194 Dicam
495 2143 590 2202 nunc
615 2114 661 2189 de
687 2115 910 2192 editionibus.
966 2086 1109 2191 Prinius
1132 2115 1203 2192 hoc
1229 2118 1302 2194 De·

198 2251 315 2329 metrii
344 2250 433 2325 Zoni
457 2276 585 2350 poema
617 2247 794 2324 Martinus
822 2247 972 2324 Crusius
1003 2246 1117 2322 edidit
1144 2248 1182 2323 in
1210 2248 1304 2324 Tur·

200 2382 402 2480 cograeciae
427 2381 518 2455 libro
541 2379 597 2463 Vl
628 2405 706 2480 pag.
733 2381 804 2452 373
831 2404 911 2478 sqq.
966 2379 1000 2455 A
1033 2405 1104 2479 quo
1135 2377 1169 2452 ei
1200 2383 1302 2483 copia

199 2513 305 2610 hujus
331 2509 493 2609 opusculi
518 2509 609 2583 lacta
635 2509 697 2598 sit,
728 2509 943 2610 ignoramus.
999 2509 1085 2611 lpse
1114 2509 1203 2585 nihil
1237 2511 1302 2589 hac

200 2642 246 2718 de
270 2668 310 2717 re
334 2640 489 2717 tradidit
538 2639 631 2721 Nam
658 2637 756 2741 quod
780 2667 813 2742 p.
837 2643 909 2715 372
935 2641 994 2733 ait,
1019 2644 1192 2743 utsupra
1218 2646 1303 2723 vidi·

159 2804 162 2815 ·
199 2800 289 2866 mus,
314 2773 531 2851 Milandrum
557 2774 626 2849 sibi
649 2772 778 2849 librum
809 2771 1003 2881 Zenianpm
1031 2752 1080 2850 ¹de
1110 2774 1302 2853 Alexandri

199 2906 252 2983 Μ.
276 2905 384 2980 rebus
415 2904 544 3004 gestis,
575 2904 620 2976 ab
650 2904 730 3002 ipso
763 2914 907 2980 auctore
943 2904 1102 2984 Venetiis
1134 2933 1302 2986 excusum

200 3035 360 3122 misisse,
391 3033 428 3105 id
460 3056 674 3131 quamquam
704 3033 931 3133 subjunctum
962 3047 1019 3110 est
1050 3034 1208 3138 dialogo,
1243 3041 1302 3143 qui

201 3163 432 3267 paraphrasin
456 3162 876 3266 Batrachomyomachiae
901 3167 1092 3268 praecedit,
1117 3167 1229 3243 nolim
1254 3183 1304 3248 ta-

202 3322 284 3370 men
309 3294 412 3370 simul
437 3295 482 3369 de
507 3295 576 3371 hoe
602 3297 713 3374 altero
737 3298 885 3372 Zeniani
915 3295 1046 3394 ingenii
1081 3297 1181 3373 foetu
1213 3306 1307 3379 acci.

202 3434 297 3528 per'e.
349 3426 485 3502 Obstat
506 3431 670 3505 nimirum
695 3426 780 3497 huio
803 3421 960 3522 opinioni
990 3421 1077 3496 illud
1100 3428 1307 3530 praecipuo,

204 3559 349 3658 quodsi
368 3585 449 3634 cum
464 3558 556 3637 libro
575 3559 623 3632 de
637 3553 840 3658 Alerandro
861 3552 1060 3630 Macedone
1086 3555 1178 3636 hanc
1196 3564 1303 3641 etiam

204 3688 620 3790 Batrachomyomachiae
644 3683 876 3786 paraphrasin
906 3714 926 3762 a
951 3688 1050 3762 Zeno
1082 3688 1152 3789 jam
1183 3691 1303 3772 Vene„

204 3820 264 3894 tiis
288 3820 495 3920 impressam
520 3844 585 3916 per
608 3815 825 3891 lllilandrum
850 3821 1059 3919 accepisset,
1084 3847 1157 3896 non
1181 3834 1302 3905 tantus

204 3950 412 4024 mendorum
448 3974 616 4023 numerus
653 3949 690 4020 in
728 3948 903 4025 Crusiano
939 3962 1041 4027 textu
1076 3957 1301 4055 reperiretur.

203 4079 297 4182 Quis
323 4081 416 4156 enim
441 4080 562 4154 credat
586 4081 637 4155 sic
663 4081 851 4183 scripsisse
867 4080 1003 4158 Zenum
1028 4108 1169 4161 carmen
1187 4115 1301 4183 suum,

201 4223 241 4286 ut
266 4239 284 4285 a
310 4210 440 4288 Crusio
465 4212 600 4290 editum
625 4214 703 4288 est?
750 4212 816 4288 sin
848 4222 965 4298 autem
995 4186 1179 4314 opinamur
1209 4221 1297 4300 Cru-
