2684 4740
1120 242 1156 291 lX

50 399 147 478 nulla
171 414 328 504 unquam
353 409 472 478 aetate
501 399 597 504 apud
621 403 781 480 Graecos
812 403 972 482 defuisse
1002 418 1155 504 constet,

52 535 116 634 qui
146 516 318 634 majorum
349 535 489 638 linguae
519 537 613 610 bene
646 537 747 637 goari
778 516 901 625 eorum
932 537 1067 642 scripta
1098 544 1156 621 val

26 667 133 745 siva
167 693 257 744 voce
290 667 365 742 aliis
404 677 634 768 exponerent
657 669 716 744 vel
752 669 859 746 editis
892 673 1156 751 commentariis

52 799 282 900 explanarent
305 799 363 879 vel
386 798 577 875 scribendo
602 800 840 892 imitarentur,
874 796 1058 904 quumque
1089 804 1158 881 soli

50 930 185 1006 luerint
209 932 349 1023 Graeci,
375 931 439 1032 qui
462 958 569 1007 manu
601 959 665 1008 sua
697 934 925 1034 antiquorum
956 930 1065 1037 opera
1096 937 1158 1013 de-

51 1064 253 1139 scriberent
277 1075 316 1139 et
340 1065 403 1164 qui
429 1091 501 1165 quo
532 1075 696 1165 tempore
721 1091 741 1138 a
765 1065 898 1140 Turcis
928 1077 1032 1165 capta
1062 1069 1158 1144 Con-

51 1196 303 1296 stantinopolis
329 1207 403 1285 est,
432 1196 670 1270 miserabilem
699 1194 839 1269 letifero
873 1195 947 1268 ictu
975 1195 1161 1272 Musarum

52 1326 238 1402 interitum
279 1336 535 1426 aeternumque
575 1352 695 1400 carum
736 1325 915 1401 silentium
945 1339 1159 1419 metuentes,

52 1458 214 1533 collectis
252 1456 351 1559 quae'
381 1457 529 1559 reperiri
569 1468 736 1558 poterant
776 1458 888 1569 sacris
932 1460 1160 1560 antiquorum
1223 1452 1228 1459 ⁸

52 1591 269 1692 scriptorum
294 1590 465 1691 reliquiis,
478 1589 643 1666 ¹vicinam
660 1590 796 1669 Italiam
813 1601 988 1693 peterent,
1004 1588 1161 1692 ¹graecae

53 1723 250 1824 sapientiae
275 1722 412 1799 semina
441 1732 526 1820 post
558 1721 666 1795 medii
696 1708 775 1797 aevi
806 1723 1001 1798 barbariem
1031 1724 1161 1799 iterum

53 1880 122 1955 per
145 1855 337 1954 Europam>
361 1851 538 1952 sparsuri:
577 1852 752 1952 quidquid
787 1851 896 1927 hodie
926 1853 972 1929 de
1004 1841 1161 1956 antiquis

49 1988 275 2063 Graecorum
304 1985 433 2060 litteris
463 1982 644 2075 novimus,
680 1982 716 2059 id
747 1985 817 2087 ipsi
849 1985 933 2060 huic
964 1987 1063 2088 genti
1093 2013 1162 2063 nos

54 2128 241 2221 acceptum
265 2116 398 2193 referre
423 2116 547 2216 liquet.
596 2115 672 2213 Qui
688 2115 794 2214 primi
807 2116 951 2193 luerunt
965 2121 1081 2194 nostri
1098 2119 1164 2192 lin-

55 2277 149 2351 guae
165 2274 312 2349 graecae
330 2247 508 2336 doctores,
531 2244 640 2318 iidem
665 2246 771 2320 etiam
786 2245 909 2320 ultimi.
920 2257 1035 2323 erunt.
1069 2249 1163 2324 Nam

55 2406 169 2481 quum
195 2375 299 2454 docti¹
322 2378 417 2479 apud
454 2377 615 2454 Graecos
640 2378 713 2456 ¹viri
743 2400 839 2454 nunc
868 2378 987 2481 lingua
1018 2391 1165 2457 utantur

53 2539 130 2589 non
155 2511 344 2588 admodum
369 2511 512 2590 diversa
537 2511 581 2584 ab
606 2511 768 2612 antiqua,
790 2511 920 2615 vulgus
946 2523 1164 2591 autem'scr-

55 2671 164 2722 mone
197 2645 369 2745 ¹loquatur
404 2643 510 2745 paulo
548 2643 770 2740 corruptiore
806 2643 966 2741 quidem,
1008 2645 1076 2720 sed
1113 2657 1166 2720 ta-

56 2805 142 2852 men
179 2766 437 2872 antiquissimis
454 2770 714 2875 locutionibus
755 2770 904 2860 referto,
941 2773 1037 2845 unde
1072 2800 1166 2848 nova

60 2906 231 3006 antiquae
264 2902 406 3006 linguae
436 2901 498 2976 lux
527 2899 724 3003 effulgebit,
747 2901 837 2976 nihil
867 2902 1032 2979 existimo
1060 2903 1162 3006 prius

59 3038 254 3141 potiusque
278 3034 482 3110 habendum
504 3060 594 3109 ‘esse
624 3033 831 3136 philologis,
868 3062 976 3137 quam
1006 3047 1047 3112 ut
1071 3037 1165 3112 hanc

61 3170 303 3248 recentiorum
328 3167 551 3244 Graecorum
583 3166 738 3269 linguam
764 3162 969 3269 addiscam.-
1008 3168 1167 3257 Etenim,

61 3315 104 3379 ut
142 3304 210 3378 alia
250 3302 290 3375 in
329 3325 500 3402 praesens
544 3299 720 3390 omittam,
754 3296 951 3400 ¹plurimum
999 3301 1084 3375 inde
1126 3311 1165 3376 et

63 3436 109 3511 ad
143 3432 368 3534 judicandam
396 3432 675 3510 scholiastarum
718 3432 989 3531 multorumque¹
1018 3432 1169 3508 ¹aliorum

64 3568 290 3669 scriptorum,
316 3566 378 3664 qui
402 3592 423 3639 a
446 3565 571 3665 paucis
599 3576 698 3641 recte
726 3565 990 3665 intelliguntur,
1026 3563 1171 3640 Graeci-

63 3711 176 3776 tatem
201 3707 239 3773 et
262 3695 309 3771 ad
334 3695 562 3774 classicorum
585 3718 679 3798 quos
698 3721 869 3774 vocamus
881 3706 1071 3772 auctorum
1088 3723 1172 3772 con-

64 3841 204 3909 textum
228 3828 355 3905 melius
380 3806 687 3905 constituendum
699 3826 879 3905 commodi
903 3838 1019 3930 ⁴atque
1039 3828 1173 3906 odia

65 3966 115 4042 tis
141 3939 221 4062 capi
245 3986 356 4064 posse
378 3961 620 4043 certissimum
644 3970 711 4038 est
760 3961 819 4036 ad
845 3958 952 4062 quem
976 3962 1083 4036 finem
1099 3988 1173 4035 non

66 4094 201 4172 suflicit
225 4094 444 4169 cruditorum
467 4094 638 4194 loquendi
661 4117 776 4193 genus
800 4116 921 4184 nosse,
946 4092 1012 4169 sed
1036 4092 1172 4188 edgari

72 4254 218 4330 quoque
232 4226 378 4330 lingens
393 4224 586 4304 discendae
607 4222 808 4302 diutissime
832 4232 941 4329 opera
963 4223 1083 4307 danda
1100 4230 1174 4301 eat
1307 4334 1317 4350 ι
