2684 4740
1110 229 1171 276 XXl

62 415 188 493 gerere
202 416 368 492 possem,
395 415 486 491 quae
511 400 640 491 sponte
665 392 874 468 recentioris
898 393 1040 495 linguae
1057 421 1166 496 gnaro

61 550 104 600 se
129 523 293 614 offerunt,
320 521 384 598 sed
410 523 522 598 satius
549 549 631 599 esse
656 525 766 615 duco,
791 525 829 599 in
853 524 931 602 aliis
956 525 1056 600 libris
1082 527 1165 603 ube-
1264 622 1277 644 Ἢ

58 657 137 733 rius
161 657 254 730 hanc
278 657 459 730 materiam
491 666 652 734 tractare.
710 657 804 732 Hinc
834 668 934 759 patet
963 659 1009 734 ad
1040 657 1166 759 dijudi-

58 787 212 864 candum
249 798 410 864 veterum
447 790 661 891 scriptorum
698 790 869 866 orationis
903 789 1062 867 habitum
1092 790 1165 867 sin·

59 921 244 1022 gulasque,
271 948 360 1023 quas
385 931 532 1022 ponunt,
557 949 666 998 voces
691 923 879 1023 plurimum
897 947 964 999 nos
983 948 1027 997 ex
1040 946 1164 997 recen-

55 1054 190 1129 tiorum
222 1053 440 1131 Graecorum
476 1081 641 1130 sermone
671 1055 845 1154 proficere
874 1079 994 1152 posse.
1052 1052 1166 1153 Quod

55 1212 145 1264 vero
171 1213 280 1286 supra
305 1187 387 1275 dixi,
412 1185 661 1284 antiquissima
684 1183 855 1260 vocabula
884 1184 923 1256 in
946 1182 1083 1284 plebeja
1113 1182 1165 1258 lo-

58 1318 201 1419 quendi·
213 1316 472 1392 consuetudine
488 1314 532 1389 ad
549 1325 707 1390 nostram
726 1316 929 1390 memoriam
945 1315 1163 1418 pervenisse,

54 1449 96 1524 id
121 1474 281 1551 magnam
307 1474 559 1548 nonnunquam
593 1447 859 1522 admirationem
889 1458 1018 1525 movet.
1067 1444 1163 1523 Con·

57 1589 142 1673 stat,
154 1582 192 1656 in
205 1580 396 1656 multorum
408 1580 620 1683 populorum
637 1579 766 1680 linguis
780 1581 928 1680 reperiri
942 1605 1075 1654 nomen
1085 1581 1162 1661 Βυ-

54 1713 192 1819 γάτηρ,
207 1713 305 1813 quod
327 1710 541 1787 simillimum
562 1720 618 1786 est
630 1709 844 1786 Germanico
858 1710 1080 1812 Persicoque
1099 1738 1162 1787 no-

53 1847 144 1922 mini
158 1846 317 1945 ejusdem
331 1843 562 1944 significatus.
595 1844 709 1944 Atqui
723 1842 836 1916 lorma
848 1842 936 1917 haec
949 1843 1162 1945 longiorest,

56 2007 164 2081 quam
189 1987 231 2053 ut
254 1976 432 2078 primitiva
458 2003 540 2052 esse
566 1985 683 2076 queat
735 1975 866 2051 Nullus
896 2001 982 2053 vero
1007 1974 1161 2076 populus

55 2109 308 2213 simpliciorem
333 2108 481 2183 sormam
506 2107 670 2195 retinuit,
695 2132 801 2205 quam
826 2105 1004 2179 Graecum
1034 2105 1162 2206 vulgus

55 2244 142 2320 Chii
167 2241 384 2339 aliarumque
401 2237 603 2312 ‘insularum
627 2235 734 2315 maris
756 2237 902 2337 Aegaei,
927 2236 988 2310 ubi
1004 2262 1069 2338 pro
1087 2239 1163 2319 δυ-

54 2373 179 2480 γάτηρ
204 2370 305 2446 audis
330 2367 371 2448 τὸ
395 2366 534 2474 &abrec
583 2369 715 2471 Neque
745 2396 832 2447 vero
864 2396 1079 2472 quemquam
1111 2369 1163 2445 di·

56 2519 199 2583 cturum
230 2513 334 2605 puto,
370 2502 502 2606 θύγος
532 2503 742 2604 posterioris
775 2503 853 2580 aevi
883 2503 1029 2578 sormam
1069 2529 1160 2578 esse.

54 2641 148 2717 Nam
176 2637 238 2738 qui
262 2637 355 2708 bene
379 2644 513 2708 norunt
539 2661 685 2734 graecae
701 2633 842 2730 linguae
865 2634 973 2735 leges,
997 2635 1161 2710 substan·

54 2774 130 2848 tiva
155 2776 282 2840 neutra
306 2765 343 2836 in
369 2793 408 2850 ος
433 2761 642 2853 desinentia,
669 2787 760 2862 quae
779 2761 897 2835 omnia
914 2762 1161 2862 antiquissima

57 2911 152 2992 sunt,
170 2925 190 2972 a
205 2894 425 2998 longioribus
438 2893 671 2973 substantivis
685 2892 813 2968 deduci
826 2920 898 2969 non
910 2919 1020 2997 posse
1033 2893 1160 2971 sciunt.

200 3029 253 3107 At
276 3054 322 3102 ne
348 3026 428 3128 quis
446 3037 558 3129 putet,
575 3028 809 3104 recentiorem
825 3027 979 3131 linguam
998 3055 1072 3103 non
1087 3055 1159 3103 ma·

56 3167 111 3270 gis
137 3160 323 3238 commodo
350 3186 455 3261 quam
481 3159 609 3234 damno
625 3186 707 3235 esse
724 3160 955 3252 discentibus
974 3187 1064 3263 opus
1081 3159 1158 3237 sore

56 3296 220 3379 existimo
237 3293 327 3368 baec
343 3293 398 3384 iis,
413 3320 505 3393 quae
523 3292 686 3386 diximus,
704 3293 842 3370 addere.
867 3292 999 3368 Omnia
1019 3292 1158 3366 citerio-

53 3431 106 3507 ris
118 3428 336 3529 Graecorum
351 3425 492 3527 linguae
510 3425 680 3501 vocabula
697 3424 754 3503 vel
770 3427 937 3528 leguntur
949 3421 1043 3525 apud
1060 3433 1156 3500 vete·

55 3587 127 3651 ren,
144 3558 203 3637 vel
220 3583 294 3632 non
309 3557 483 3656 leguntur.
509 3557 566 3634 Ex
578 3558 633 3648 iis,
651 3585 743 3659 quae
758 3559 925 3661 leguntur
939 3556 978 3631 in
994 3555 1156 3657 antiquo-

54 3722 132 3772 rum
151 3690 262 3780 libris,
278 3689 427 3791 plurima
445 3691 592 3766 eandem
606 3691 679 3768 rim
696 3690 920 3791 eundemque
934 3717 1037 3767 usum
1050 3690 1155 3774 ctiam

55 3853 150 3904 nunc
167 3825 308 3914 babent,
332 3822 398 3896 alin
423 3849 509 3899 vero
534 3824 809 3925 significationes
835 3822 1006 3923 quasdam
1031 3821 1156 3896 amise-

53 3969 139 4037 runt
154 3956 212 4035 vel
228 3981 339 4033 novas
357 3954 523 4032 videntur
539 3956 732 4056 accepisse.
773 3955 847 4030 Sed
863 3982 976 4032 novae
993 3956 1085 4030 istae
1109 3953 1156 4028 si·

56 4089 301 4194 gnificationes
316 4092 385 4188 jam
400 4088 533 4187 passim
546 4088 733 4164 exstantia
744 4087 879 4162 mediae
894 4089 1021 4164 aetatis
1033 4111 1156 4160 mouu-

54 4223 203 4313 mentiS,
235 4247 448 4321 quamquam
480 4247 650 4322 persaepe
680 4219 719 4292 in
748 4219 870 4297 lexicis
900 4220 1156 4295 desiderantur.
