2684 4740
705 40 834 115 V

1106 197 1152 267 73

42 402 77 468 p.
99 378 174 445 922.
219 381 290 448 Hoc
310 401 430 448 nomen
453 385 540 448 casei
561 384 908 473 laconici‘acceperunt
922 390 961 452 ab
978 392 1056 453 urbe
1071 411 1151 472 quac

42 506 83 568 in
105 505 225 570 vicinia
247 508 365 572 vetaris
388 504 527 594 Spartae
549 511 613 577 sita
635 519 684 575 cst
706 530 745 573 ac
760 530 845 576 nunc
864 510 959 594 vulgo
977 504 995 571 ὁ
1011 510 1153 592 Μιστρᾶς

43 640 262 714 nuncupatur.

179 750 222 812 V.
241 749 299 816 69.
346 743 560 834 pivxdcpcra
576 753 631 818 hic
647 767 724 819 sunt
743 751 891 819 bellaria
907 754 958 819 vel
974 754 1150 841 cupediae,

37 892 128 971 'quae
151 876 350 938 aveteribus
372 876 557 964 plerumque
572 869 769 958 τραγήματα,
792 866 952 958 τρωγάλια
966 877 1017 941 vel
1035 874 1151 960 e'mdop.

42 986 192 1075 πίσμανα
219 997 473 1084 appellabantur.
529 999 570 1063 Iu
598 1002 733 1081 antiqua
760 999 874 1082 lingua
896 989 1071 1080 praecepa
1092 1023 1151 1088 pro

43 1114 225 1184 dulcedine
246 1141 373 1205 semper
394 1132 576 1207 usurpatur.
600 1155 642 1167 -—
666 1114 710 1184 ὁπ’
735 1109 801 1180 ὅλοι
821 1121 844 1184 i.
866 1143 894 1184 e.
918 1114 997 1184 ὀποῦ
1019 1111 1095 1183 ὅλοι.
1111 1157 1152 1171 -

43 1237 214 1320 ἀγαποῦσι
235 1243 258 1304 i.
281 1263 310 1305 e.
333 1234 493 1320 ἀγαπῶσι.
516 1274 559 1326 -3-

182 1360 226 1423 V.
251 1360 302 1428 71.
348 1357 478 1442 φωγητὰ
507 1361 558 1426 vel
592 1352 701 1469 φαγιὲ
728 1365 813 1451 apud
847 1367 1041 1430 recentiores
1075 1379 1152 1434 sunt

43 1477 176 1548 edulia.
200 1517 244 1528 -
263 1472 405 1563 βρᾶζουν
424 1485 446 1547 i.
470 1506 496 1549 e.
519 1473 674 1564 βράζουσι
695 1495 851 1569 coquunt,
874 1488 928 1569 qui
949 1489 1152 1571 significatus

44 1608 85 1672 in
108 1606 255 1670 citeriore
277 1618 403 1674 tantum
425 1608 602 1690 graecitate
624 1610 802 1689 invenitur,
825 1611 982 1691 siquidem
1010 1612 1046 1673 in
1067 1613 1151 1676 anti.

45 1748 120 1815 quo.
133 1748 281 1792 sermone
304 1718 430 1808 βράςειυ
442 1725 588 1814 fervere
610 1740 643 1792 et
663 1727 803 1793 ebullire
822 1745 976 1817 perpetuo
991 1744 1093 1795 notat
1109 1764 1152 1782 -

46 1839 83 1915 cd
104 1839 252 1922 τζουκάλι
274 1849 326 1913 vel
346 1841 499 1910 recondit
520 1847 612 1927 olla,
634 1873 698 1914 vox
719 1853 860 1917 incertae
888 1853 1037 1935 originis.
1089 1854 1152 1917 Ob.

47 1974 240 2038 servandum
263 1983 322 2052 est,
345 1976 380 2046 τζ
401 1973 452 2038 vel
473 1991 513 2032 re
539 1975 790 2041 indictionibus
816 1974 866 2038 vel
893 1975 1074 2060 peregrinis
1103 1973 1154 2041 vel

48 2096 212 2181 corruptis
240 2097 385 2181 reperiri.
438 2095 575 2172 Quando
604 2095 722 2159 Graeci
749 2115 817 2160 non
844 2097 883 2159 ab
911 2095 986 2158 aliis
1016 2099 1154 2161 mutuati

46 2230 126 2282 sunt
147 2238 258 2294 voces,
282 2219 317 2279 in
340 2219 451 2297 quibus
469 2221 603 2298 junctae
625 2229 755 2285 exstant
782 2216 844 2280 hae
873 2217 954 2280 duae
982 2236 1153 2300 consonae,

46 2340 140 2405 velut
161 2326 373 2417 τζαρλατάνος
394 2349 428 2401 et
450 2331 638 2418 νζερεμονῖα,
661 2360 739 2422 quas
755 2340 849 2404 Italis
865 2341 991 2423 debent,
1007 2340 1064 2405 sed
1079 2362 1154 2423 quo-

47 2463 237 2542 tiescunque
264 2481 339 2527 suas
361 2462 514 2548 ipsorum
542 2483 636 2527 voces
668 2464 716 2527 sic
744 2455 969 2550 deturparunt,
1010 2464 1091 2530 illud
1119 2469 1154 2538 ri

47 2583 146 2647 vele
172 2583 313 2668 simplici
340 2606 377 2659 κ,
398 2584 450 2647 vel
471 2606 490 2646 a
512 2603 572 2659 σκ,
594 2585 645 2648 vel
667 2606 685 2645 e
707 2602 740 2658 r,
760 2586 813 2646 vel
834 2607 852 2646 e
874 2588 909 2665 ξ,
938 2586 989 2649 vel
1016 2588 1153 2667 denique

47 2724 282 2784 nonnunquam
304 2725 322 2765 e
343 2721 366 2761 σ
388 2715 501 2766 natum
524 2723 594 2765 esse
623 2713 775 2766 accurata
800 2703 932 2784 linguae
960 2707 1154 2788 pervestiga.

47 2829 96 2891 tio
120 2833 289 2890 monstrat.
335 2820 394 2888 Sic
416 2817 528 2895 τςίχλα
549 2824 660 2886 dicunt
680 2842 740 2908 pro
762 2814 862 2895 κίκλα
877 2825 897 2887 i.
918 2846 946 2887 e.
968 2816 1063 2902 κίχλη
1085 2833 1155 2888 tur-

47 2945 126 3021 duS,
147 2935 276 3025 τζυρίζω
296 2966 355 3032 pro
378 2928 505 3023 συρίζώ,
527 2937 703 3025 rgtrdvpe'dm¹
720 2965 779 3032 pro
802 2940 956 3028 ataugida,
985 2934 1155 3026 φζῶφλοιον

47 3092 109 3158 pro
139 3057 322 3145 ἒξῶφλοιον,
348 3059 470 3142 mergier
490 3089 550 3153 pro
571 3059 701 3128 πεσκίον
722 3069 743 3131 i.
767 3091 795 3132 c.
818 3063 934 3140 πέσκος
951 3068 1071 3155 pellis,
1098 3090 1153 3135 co-

47 3189 147 3255 rium.
192 3189 304 3272 Neque
331 3201 441 3257 tamen
469 3193 669 3274 negaverim,
698 3192 736 3258 in
758 3192 869 3276 paucis
891 3192 1079 3273 quibusdam
1099 3215 1152 3264 vm
1244 3264 1247 3268 ,

49 3312 173 3381 cabulis
196 3311 359 3380 alternare
382 3319 400 3386 ζ
422 3323 454 3381 et
475 3317 519 3390 cd,
542 3288 682 3400 exempli
705 3335 801 3379 causa
820 3305 1000 3392 τζίννξιφον,
1015 3334 1077 3395 quo
1093 3296 1153 3398 pro

49 3427 171 3513 ςίςιφον
191 3435 293 3498 utitur
314 3436 437 3519 vulgus.
482 3436 531 3502 At
551 3437 587 3500 iu
609 3438 790 3522 peregrinis
818 3435 1049 3516 locutionibus,
1079 3436 1154 3516 quid

49 3559 114 3628 sibi
134 3556 213 3620 velit
233 3562 268 3630 τέ
290 3577 443 3639 quaerere
464 3575 551 3623 nnnc
573 3577 640 3622 non
662 3571 766 3638 vacat,
788 3559 939 3640 quoniam
962 3557 1079 3622 Graeci
1100 3578 1154 3630 va.-

49 3681 119 3746 rios
141 3681 385 3765 peregrinarum
406 3681 591 3764 linguarum
613 3701 721 3760 sonos,
744 3682 855 3762 quibus
877 3681 939 3769 ipsi
955 3692 1076 3760 carent,
1092 3678 1154 3750 hoc

48 3801 145 3864 modo
168 3803 384 3887 exprimentes
394 3804 624 3869 ’diversissima
647 3804 834 3884 quandoque
856 3804 1061 3872 miscuerunt.
1095 3800 1155 3867 Est

49 3935 159 3991 autem
181 3921 243 3986 hoc
265 3935 491 4006 argumentum
513 3945 554 3986 ex
575 3926 634 4003 iia,
658 3925 742 4005 quod
764 3926 798 3985 in
820 3923 986 3986 tradendis
1015 3942 1154 4007 pronum

49 4046 198 4133 tiationis
220 4045 343 4130 regulis
356 4046 491 4109 'uberius
514 4045 752 4133 explanandum
774 4045 826 4108 sit.
880 4045 987 4121 Quare
1015 4043 1093 4111 alibi
1116 4041 1155 4110 da
1198 4057 1206 4064 ·

49 4189 89 4238 eo
113 4185 254 4250 agemus,
