2684 4740
116 195 184 266 rot

118 391 273 469 cernitur,
302 388 385 470 quod
412 399 460 452 est
489 406 570 452 vers.
599 382 664 449 210
692 375 778 466 φατ’
812 368 885 457 ἦτον
910 370 1057 462 provegio
1087 398 1161 458 του,
1190 395 1218 446 et

115 533 197 577 vers.
229 509 291 576 136
321 496 423 588 ἅφηκε
449 499 596 590 provocabo
622 525 695 583 roo,
722 507 776 570 ubi
796 491 869 570 vide
893 506 966 567 adn.
995 516 1156 569 nostram.
1179 541 1217 552 -

118 621 227 705 ἔπαβα
249 635 270 696 i.
293 655 320 696 e.
346 620 475 703 ἔπαθον.
499 666 542 677 -
563 620 674 706 rodeno
694 629 871 712 vulgariter
892 648 952 713 pro
974 617 1103 702 radron.

250 752 292 816 V.
314 751 380 817 214
424 745 548 834 ἓβρισῖα
576 765 609 816 et
639 744 747 833 ἕβρῖζω
781 771 840 837 pro
875 741 1006 830 depecta
1040 761 1073 813 et
1108 743 1215 830 ὖβρῖζω

117 897 204 941 nuno
226 897 348 959 quoque
371 877 484 960 vulgus
497 879 533 939 in
547 876 684 941 Graecia
706 845 894 954 frequentat.
939 873 1012 936 Hoc
1033 864 1165 952 ὑβριοίἀ
1184 875 1213 936 in

120 1001 271 1063 citeriore
299 1000 474 1084 graecitate
510 1001 697 1085 aequiparat
729 997 894 1076 antiquam
921 996 1099 1058 dictionem
1125 985 1211 1075 ὕβρις.

119 1119 246 1185 Similis
269 1122 442 1186 alternatio
465 1121 623 1185 vocalium
641 1143 663 1180 υ
678 1130 741 1184 ete
760 1119 847 1181 inira
868 1119 1027 1202 reperitur
1049 1139 1131 1181 vers.
1146 1115 1209 1197 tit,

118 1245 172 1307 ubi
193 1244 313 1329 legitur
335 1245 524 1328 adJeetivum
546 1232 727 1324 o'oyycberdo
749 1251 853 1304 ortum
875 1261 916 1302 ex
938 1231 1134 1321 dynatordc.

251 1366 291 1431 V.
316 1364 391 1429 215.
435 1355 478 1424 voi
499 1358 577 1446 γένῃ
599 1364 758 1450 explicavi
780 1365 822 1426 ad
844 1384 924 1426 vers.
950 1361 1024 1426 186.
1051 1398 1093 1409 -
1108 1356 1207 1444 o'cpyod

118 1480 165 1566 με’
191 1488 207 1551 1
233 1508 315 1573 pers.
338 1487 383 1571 pl.
406 1507 510 1571 praes.
535 1490 619 1569 conj.
643 1488 730 1550 verbi
752 1479 842 1567 ἁργῶ
869 1507 910 1549 ox
938 1485 1028 1569 vulgi
1057 1499 1204 1550 consueto·

119 1608 194 1670 dine
214 1628 274 1694 pro
296 1601 454 1687 ἅργῶμεν.
479 1641 521 1656 -

251 1729 293 1792 V.
318 1728 393 1793 216.
440 1716 488 1807 dc,
512 1731 763 1812 frequentissimi
785 1751 860 1794 usus
882 1731 1046 1818 particula
1068 1733 1150 1818 apud
1160 1751 1202 1793 no-

120 1852 180 1914 stri
202 1853 355 1938 temporis
379 1852 530 1934 Graecos,
553 1854 716 1940 probabile
740 1852 835 1917 habet
863 1865 994 1934 etymon
1022 1856 1063 1918 ab
1092 1857 1204 1935 antiquo
1249 1893 1251 1957 t

104 1935 310 2058 'imperativo
333 1996 400 2040 aor.
425 1974 445 2037 2
468 1988 530 2039 act.
554 1977 642 2039 verbi
666 1968 790 2056 ἀφίημι,
814 1976 1052 2063 quiinterduttt
1073 1979 1205 2040 similiter
1249 2002 1251 2006 ¹

120 2097 156 2157 in
189 2116 271 2159 novo
307 2109 498 2162 testamento
533 2098 702 2175 adhibetur
735 2121 763 2160 v.
794 2119 820 2162 e.
850 2094 964 2160 Matth.
996 2120 1064 2185 cap.
1087 2098 1206 2162 XXVII

120 2238 201 2280 vers
231 2216 274 2284 19
307 2215 336 2279 οἱ
367 2212 403 2281 di
436 2210 534 2281 λοιποὶ
568 2208 690 2302 ἔλεγον·
725 2206 838 2298 ἄφες,
871 2207 1001 2299 ἴδωμεν,
1041 2217 1068 2280 εἰ
1102 2211 1207 2301 ἔρχεται

117 2330 224 2409 Ἠλίας
246 2330 360 2400 σώσων
382 2335 495 2418 αὐτόν,
517 2364 598 2422 quae
620 2346 716 2405 verba
738 2343 774 2404 in
801 2344 1014 2405 recentiorem
1045 2363 1207 2407 sermonem

120 2461 167 2521 sic
189 2465 412 2524 transferenda
434 2475 524 2525 sunt:
547 2457 616 2521 ἀλλ’
641 2458 670 2522 οἱ
691 2453 791 2536 λᾳιποὶ
813 2451 941 2544 dispono·
955 2451 994 2535 ab·
1010 2463 1122 2547 ἱὸὤμεν
1136 2465 1205 2546 (vul-

112 2581 244 2662 gariter
266 2577 395 2665 ἰδοῧμε)
419 2569 461 2643 dv
483 2570 608 2666 ἔρχεται
623 2578 640 2644 ὁ
653 2577 760 2655 ‘Hilaro
782 2575 823 2644 nol
846 2575 899 2646 cdo
921 2575 1027 2668 σώσῃ.
1057 2586 1207 2673 >Origina-
1243 2596 1245 2602 '

120 2702 167 2764 tio
196 2702 276 2767 haec
304 2720 474 2794 propterea
503 2711 642 2772 maxime
669 2709 834 2795 probanda
862 2710 1002 2790 videtur,
1032 2714 1117 2793 quod
1143 2711 1207 2775 illud

120 2838 260 2889 vetorum
285 2814 364 2906 <iper
386 2832 421 2892 in
444 2834 638 2896 carminibus
661 2833 764 2912 quinti
793 2844 825 2894 et
847 2835 931 2896 sexti
960 2834 1076 2898 decimi
1105 2835 1209 2900 saeculi

121 2968 179 3032 per
200 2969 364 3032 syncopen
388 2953 423 3012 in
445 2938 509 3028 ἅφς
531 2956 708 3015 breviatum
732 2956 908 3036 invenitur,
937 2957 1021 3018 unde
1044 2977 1130 3022 nova
1151 2979 1211 3042 syn·

122 3087 200 3151 eope
229 3069 369 3132 admissa
398 3073 477 3133 oriri
505 3075 608 3158 potuit
637 3059 684 3143 ἅς.
736 3074 816 3137 Tale
844 3090 891 3140 est
920 3079 1002 3160 quod
1024 3081 1061 3143 in
1085 3081 1211 3146 Cornan'

121 3186 303 3254 Erotocrito
326 3192 462 3276 legimus
483 3216 555 3281 pag.
583 3194 659 3260 199:

78 3388 80 3392 .
179 3298 259 3392 ’Ἂφς
280 3305 349 3374 romb
370 3305 424 3375 τὸν
442 3306 649 3399 Ῥωτόκριτον,
672 3311 728 3379 καὶ
749 3312 846 3380 ardor
866 3314 921 3398 τὴν
942 3312 1061 3403 βουλήώ
1081 3349 1155 3407 μου.

770 3406 807 3427 υ

120 3433 179 3499 Est
200 3457 275 3501 vero
297 3424 338 3508 ola
360 3436 563 3528 hodle'apud
586 3442 726 3506 Graecos
753 3446 912 3531 particula
935 3448 1142 3534 imperantis,
1169 3448 1214 3513 ad·
1240 3463 1243 3468 ’

122 3555 300 3641 hortantis,
336 3565 497 3649 optantis,
527 3566 684 3650 cupientis
712 3578 745 3629 et
774 3569 986 3635 concedentis.
1038 3573 1214 3663 Postremus

120 3679 321 3774 significatus
349 3656 486 3749 omissus
519 3698 568 3750 est
595 3707 615 3750 a
645 3688 749 3751 Corae
783 3691 825 3753 ad
852 3692 1084 3778 Ptoclroprcdr.
1122 3717 1153 3783 p.
1180 3690 1216 3758 98

120 3820 217 3881 seqq„
241 3799 296 3866 ubi
317 3819 447 3890 praeter
469 3829 540 3872 eam
563 3829 658 3891 quam
684 3815 860 3876 memoravi
893 3815 1126 3880 derivationem
1153 3835 1218 3904 par·

120 3920 242 3985 titulae
265 3936 299 3989 et
325 3926 408 3990 alias
437 3931 526 4013 duas,
560 3934 672 4014 quibus
696 3934 803 4021 album
826 3936 984 4001 calculum
1005 3940 1148 4024 adJicere
1170 3940 1219 4003 du·

102 4043 202 4124 tito,
229 4050 382 4134 proponit
411 4064 444 4115 et
472 4067 620 4119 accurate
642 4030 767 4120 natales
789 4057 884 4143 hujus
907 4061 1037 4126 voculae
1060 4085 1133 4127 cum
1156 4066 1221 4148 ojus

97 4150 278 4253 ‚potestate
300 4150 465 4238 declarare
488 4188 599 4243 tentat.
647 4179 860 4248 Concedentis
883 4183 963 4249 haec
985 4186 1101 4250 vocula
1124 4188 1223 4253 estin
