2684 4740
1180 230 1243 297 tt?

136 409 196 475 Ait
212 410 279 490 ille,
299 413 334 474 in
353 413 530 475 recentiore
548 412 744 476 Graecorum
759 434 907 478 sermone
922 417 1076 480 aoristum
1099 424 1240 485 omnium

136 544 314 620 temporum
342 537 589 620 praeteritorum
616 549 711 617 atque
744 538 903 601 interdum
935 541 1032 603 etiam
1060 540 1239 625 piusquam.

134 658 270 742 perfecti
296 660 365 721 rice
394 660 494 742 iungi.
544 661 597 723 Ao
622 661 762 746 primum
790 663 915 742 quidem
945 683 1010 728 non
1039 667 1154 727 mirum
1178 680 1238 745 est,

134 781 217 859 quod
247 782 286 844 de
316 786 462 846 omnibus
491 786 686 869 temporibus
719 787 903 870 praeteritis
925 787 1067 868 judicari
1100 800 1237 873 oportet,

131 903 218 966 idem
241 905 280 966 de
302 906 438 989 singulis
460 929 531 971 esse
553 908 733 971 dicendum.
763 909 873 983 Quare
890 911 1039 989 quoniam
1057 910 1236 994 plusquam·

128 1027 306 1110 perfectum
327 1030 363 1091 in
385 1033 630 1117 praeteritorum
652 1004 831 1116 temporum
853 1050 986 1095 numero
1008 1043 1067 1106 est,
1092 1032 1186 1115 hujus
1201 1047 1237 1099 ut

130 1160 329 1212 caeterorum
358 1155 497 1217 aoristus
525 1156 588 1216 erit
613 1155 761 1216 vicarius.
813 1153 924 1235 Neque
951 1174 1026 1216 veru
1056 1154 1235 1239 plusquam-

129 1271 268 1353 perfecti
298 1274 387 1336 notio
421 1277 591 1355 quidquam
614 1275 768 1355 continet,
802 1274 885 1356 quod
913 1275 1102 1338 dissimilius
1129 1277 1174 1341 sit
1202 1280 1235 1345 ei

127 1410 213 1470 quae
237 1396 359 1458 aoristo
374 1399 603 1483 est'potestati,
625 1418 720 1478 quam
735 1408 935 1461 caeterorum
950 1409 1129 1484 temporum
1142 1422 1233 1486 prae-

126 1515 298 1577 teritorum
324 1519 533 1600 significatio.
583 1521 669 1582 Nam
697 1540 792 1601 quum
819 1540 874 1599 ea,
898 1541 978 1603 quae
1002 1521 1080 1585 olim
1101 1536 1233 1609 peracta

126 1648 218 1715 sunt,
246 1639 294 1700 sic
323 1639 440 1704 Graeci
467 1655 638 1723 enarrant,
667 1656 703 1706 ut
729 1645 764 1707 in
792 1643 864 1707 sola
886 1645 1055 1730 praeteriti
1077 1648 1231 1734 temporis

126 1761 399 1847 contemplatione
419 1767 608 1845 subsistant,
630 1782 732 1845 nequa
753 1765 854 1827 ullam
875 1786 952 1830 suaa
974 1770 1150 1833 memoriae
1172 1769 1230 1835 lra-

125 1885 223 1947 beant
256 1887 432 1966 rationem,
469 1885 595 1949 nullum
628 1886 717 1949 aliud
744 1888 785 1950 ad
812 1890 1010 1953 narrandum
1043 1902 1152 1976 aptum
1180 1906 1231 1957 est

124 2018 260 2094 tempus,
275 2028 369 2091 quam
382 2010 514 2090 coristi,
523 2008 580 2073 sed
591 2009 646 2073 ubi
660 2009 737 2073 olim
749 2022 840 2093 gesta
853 2011 900 2072 sic
913 2012 1072 2093 referunt,
1087 2025 1122 2076 ut
1133 2016 1230 2079 simul

122 2143 326 2217 praesentem
354 2144 493 2197 aetatem
520 2133 712 2219 respiciant,
743 2133 926 2196 narrationi
952 2133 1058 2197 solum
1081 2138 1229 2201 convenit

121 2256 309 2341 perfectum.
364 2255 477 2339 Itaque
504 2258 630 2339 antiqui
656 2275 789 2338 quorum
816 2257 983 2320 verborum
1010 2260 1152 2344 perfecta
1178 2260 1227 2325 vel

121 2378 195 2442 aine
217 2379 407 2444 difficultate
429 2380 561 2443 formari
584 2390 750 2467 poterant,
773 2378 825 2443 vel
845 2380 917 2466 ipso
938 2400 1031 2458 sono,
1054 2383 1107 2446 cui
1127 2382 1228 2470 pluri-

121 2520 211 2564 mum
220 2502 413 2582 tribuebant,
437 2503 654 2566 commendari
675 2502 874 2583 videbantur,
897 2503 934 2568 in
955 2504 997 2567 iis
1020 2503 1092 2586 hoc,
1108 2506 1227 2589 dequo

119 2626 217 2697 modo
239 2625 362 2690 loeutus
384 2646 466 2706 sum,
489 2626 739 2689 Indicativorum
769 2625 905 2708 perfecti
930 2630 1084 2710 temporis
1111 2640 1145 2692 et
1172 2649 1226 2692 ao.

119 2748 197 2811 risti
218 2748 390 2812 discrimen
412 2771 482 2813 esse
504 2746 682 2813 voluerunt.
733 2743 800 2809 Sed
824 2744 949 2827 quando
971 2735 1145 2832 perrectum
1168 2751 1227 2829 dis.

118 2868 209 2934 ficile
237 2883 291 2935 aut
319 2874 457 2936 sormam
484 2883 541 2936 aut
566 2869 778 2957 pronuntiatu
805 2878 892 2949 crat,
920 2880 975 2933 aut
1002 2881 1088 2933 certe
1118 2871 1226 2935 minus

120 2994 206 3058 berre
237 2998 386 3076 sonabat,
410 3000 481 3080 jem
509 3008 632 3059 veteres
659 2993 710 3058 illi
741 2992 858 3056 Gracci
879 2992 987 3057 minus
1009 3008 1157 3058 accurate
1179 2994 1225 3059 lo-

119 3118 308 3203 quebantur,
331 3121 377 3183 ibi
401 3121 497 3189 ctiam
525 3120 680 3183 uoristum
703 3115 907 3195 adhibentes,
935 3117 989 3179 ubi
1016 3120 1157 3201 perfecto
1178 3117 1225 3182 lo·

119 3258 176 3303 cus
203 3262 275 3303 ease
302 3212 441 3308 debebat.
497 3242 622 3305 Horum
656 3240 837 3326 exemplum
869 3238 1064 3323 posteriores
1096 3250 1225 3323 praeter

117 3360 344 3427 nenessitatem
371 3366 487 3441 secuti,
522 3365 677 3451 temporis
705 3382 876 3450 progressu
903 3360 1012 3423 omnia
1040 3361 1226 3443 abJecerunt

117 3488 271 3573 perfecta,
296 3489 342 3551 ita
366 3500 401 3552 ut
424 3488 555 3551 citerior
583 3486 697 3571 lingua
723 3506 821 3568 usque
849 3496 881 3545 et
908 3502 1007 3562 usque
1029 3483 1168 3544 aoristos
1191 3484 1224 3547 iu

116 3603 362 3675 narrationibus
384 3630 540 3698 usurpare
563 3621 674 3675 coacta
695 3611 748 3675 sit.
801 3609 891 3683 Quae
914 3605 1047 3690 portenti
1070 3606 1224 3689 temporis

118 3734 190 3797 usui
212 3733 419 3798 difficultates
442 3753 673 3816 nonnunquam
693 3732 777 3818 apud
800 3742 923 3793 veteres
945 3729 1130 3806 obstabant,
1154 3746 1225 3790 eae-

117 3854 190 3920 dem
218 3857 317 3920 etiam
346 3856 657 3944 plusquamperfecto
686 3855 815 3920 officere
849 3852 1045 3916 videbantur.
1101 3849 1224 3913 Verum

115 3981 247 4045 etiamsi
268 3983 445 4067 perfectum
468 3981 633 4045 commode
654 3979 787 4044 formari
809 3996 848 4039 ac
865 3974 1071 4062 pronruttiari
1085 3982 1224 4059 poterat,

111 4120 221 4189 neque
244 4104 330 4170 male
351 4108 498 4188 sonabat,
522 4118 631 4169 tamen
653 4123 720 4166 non
743 4120 868 4187 seniper
891 4100 1104 4175 formabatur,
1126 4092 1177 4159 vel
1195 4094 1226 4157 si

953 4207 992 4270 10
1011 4205 1023 4233 ⁸
