2684 4740
42 407 257 497 Artophegus
279 406 420 472 accurrit
443 411 510 472 lero
533 428 592 472 suo
615 409 719 490 modo,

44 543 166 606 invasit
186 525 305 623 absque
327 541 475 606 cautione
497 542 533 603 in
555 560 707 606 ranarum
730 543 866 624 turbem,

45 656 274 760 Polyphonum
296 672 404 755 tetigit
423 673 459 735 in
481 659 600 735 ventre,

46 805 135 870 Ante
158 806 263 890 ipsum
285 802 339 867 hic
360 815 510 868 extentus
526 804 640 886 jacuit,
664 816 697 868 ct
718 805 828 870 amisit
849 805 1018 889 loquelam.

47 935 92 999 ut
115 921 442 1000 ainummehun
464 934 554 999 humi
576 918 679 1000 rusum
835 926 838 930 ’

46 1069 138 1131 illum
161 1057 441 1154 Polyplronum'et
462 1068 664 1148 trucidatum,

49 1198 280 1283 Troglodytom
303 1210 469 1262 assecutus
492 1209 551 1277 est,
574 1200 629 1279 qui
650 1199 762 1261 aberat
783 1197 897 1281 longe;

51 1341 140 1394 retro
161 1332 197 1394 in
219 1330 337 1394 collum
360 1331 392 1394 ei
414 1329 502 1392 dedit
520 1306 620 1392 ictum
643 1329 766 1410 lancea,

14 1551 21 1563 ,
51 1476 157 1543 atque,
187 1434 302 1527 iterum
330 1474 518 1543 retrorsum,
546 1463 697 1549 cucurrit,
727 1459 967 1548 Costophagum
997 1466 1131 1548 invadit,

51 1614 144 1660 arina
167 1598 235 1677 ejus
256 1594 424 1680 percussit,
447 1594 593 1656 sednon
614 1592 793 1657 vulneravit
815 1580 929 1681 ipsum.

53 1725 222 1792 Convertit
243 1745 278 1787 se
302 1722 527 1808 Costophagus
552 1733 646 1785 acuta
669 1742 740 1784 cum
761 1722 867 1806 hasta,
1166 1706 1179 1736 ‘

54 1858 220 1947 percussit,
244 1867 277 1920 et
298 1856 420 1918 viscera
442 1854 554 1917 effudit
575 1854 676 1939 ipsius
699 1853 936 1922 Limnooheris.

55 1993 227 2056 Interanea
248 1993 318 2073 ejus
340 1987 538 2064 exciderunt,
562 1996 595 2048 et
617 1984 707 2049 humi
729 1999 880 2053 extensus
902 2003 961 2071 est,

55 2126 145 2188 lacus
166 2122 284 2202 rubuit,
307 2130 339 2183 et
361 2130 446 2183 totus
469 2130 519 2182 est
542 2127 736 2181 cruentatus.

15 2282 19 2292 ·
53 2258 148 2320 Tune
171 2271 292 2334 quoque
313 2246 527 2336 'l'yrophagus
550 2250 586 2312 in
608 2260 724 2333 stagno
749 2249 908 2331 dormivit,

57 2406 171 2450 somno
177 2382 281 2466 (sane)
288 2382 497 2463 inexcitabili,
509 2403 611 2464 neque
618 2381 833 2466 (cujusquam)
840 2383 961 2449 auxilio
968 2385 1158 2472 adjutusest,

57 2538 135 2583 nam
158 2513 395 2580 Calaminthius
417 2499 489 2577 eum
512 2534 586 2577 orco
599 2499 747 2594 demisit,

57 2669 184 2736 semper
205 2659 241 2710 ut
263 2631 332 2707 illie
349 2648 473 2725 jaceret
496 2661 568 2704 cum
590 2642 722 2721 reliquis
744 2661 817 2704 una

58 2783 206 2845 Rursum
229 2770 469 2836 Calaminthius
491 2766 771 2853 Pternoglyphum
794 2772 962 2856 conspicit,

60 2929 172 2975 verum
194 2925 261 2970 non
282 2885 481 2989 exspectavit
501 2919 584 2979 eum,
607 2911 642 2963 ut
663 2900 837 2984 resisteret,
860 2903 944 2968 siout
966 2906 1067 2985 decet,
1182 2991 1187 2995 ,

60 3043 118 3108 sed
140 3060 218 3127 prae
240 3048 326 3100 metu
348 3033 431 3118 sugit
453 3055 470 3097 e
493 3043 591 3113 terra,
649 3021 652 3026 ’

61 3186 187 3240 scutum
208 3169 335 3254 abjecit,
357 3177 391 3230 et
413 3165 575 3229 inlocum
597 3164 733 3230 desiluit.

62 3306 254 3371 Plritraeum
274 3283 539 3380 Embasiehytrus
562 3279 706 3360 illustris
720 3298 846 3361 oceidit.

64 3436 179 3518 (Nam)
202 3433 347 3498 extendit
368 3450 510 3510 manum,
532 3427 703 3518 prehendit
725 3428 875 3516 lapidem,
898 3440 931 3492 et
952 3431 1093 3513 sustulit,

63 3589 196 3650 eumque
220 3577 296 3629 tunc
312 3565 394 3646 jecit
414 3564 595 3646 vi‘magna.

65 3700 106 3762 ln
128 3697 219 3762 molli
240 3663 336 3784 parte·
356 3693 501 3775 (vertice)
524 3693 614 3788 illum
637 3695 796 3780 percussit
817 3712 914 3779 supro
936 3708 1040 3781 caput.

67 3829 190 3895 Statim
212 3851 229 3893 e
252 3829 385 3892 naribus
406 3822 501 3892 fluxit
523 3829 686 3891 cerebrum
705 3826 807 3911 ipsius
887 3842 889 3846 ’
1024 3805 1028 3811 ,

68 3973 102 4026 et
125 3973 213 4024 terra
234 3961 399 4023 rubefacta
422 3957 482 4021 luit
503 3947 662 4041 sanguina
684 3960 762 4040 ejus.

68 4095 162 4157 Tune
183 4076 435 4156 Borboroeoetes
458 4111 476 4152 e
498 4089 674 4172 longinquo
697 4087 845 4166 accurrit,

71 4209 199 4290 hastam
223 4223 335 4289 infixit
357 4226 397 4290 ab
420 4221 580 4287 anteriore
601 4231 694 4308 parte
717 4218 884 4302 inpactus
