2684 4740
186 230 272 286 XXVl

189 404 304 494 etiam,
331 396 559 500 quae'solius
585 397 811 496 antiquorum
836 395 1001 470 dictionis
1028 395 1174 497 propria
1201 407 1298 487 sunt,

187 535 355 635 judicare,
379 511 572 632 postquam
596 529 776 630 ingenium
802 529 1011 602 recentioris
1035 528 1178 628 liuguae
1204 529 1298 629 peri·

187 668 239 743 tia
263 665 309 741 ad
333 664 424 740 tales
448 688 507 737 res
533 660 771 736 aestimandas
791 661 894 761 quasi
913 661 1190 761 praeparaveris.
1227 660 1299 734 Ex-

189 798 387 901 emplorum
417 796 532 869 instar
561 794 670 867 citare
701 792 807 866 liceat
839 793 992 893 quaein
1018 790 1222 867 Comment.
1256 794 1298 867 ad

189 932 308 1007 mlbss
334 928 379 1002 de
403 925 573 1002 Infinitivi
597 951 666 999 usu
690 924 727 997 in
746 926 947 1015 sententiis,
965 950 1056 1025 quae
1075 924 1186 1000 luturi
1212 927 1298 1026 quid

190 1061 389 1163 designant,
414 1058 458 1132 ad
484 1086 515 1134 v.
541 1059 613 1132 468
639 1057 684 1131 de
709 1084 778 1132 usu
808 1066 1008 1157 temporum
1041 1068 1077 1131 et
1108 1056 1297 1132 modorum

189 1193 228 1268 in
252 1190 415 1294 populari
440 1215 615 1281 sermone,
641 1188 687 1263 ad
710 1219 741 1266 v.
770 1191 839 1264 163
871 1189 917 1263 de
942 1189 1146 1264 discrimine
1171 1192 1298 1266 verbo-

118 1321 128 1343 *
189 1351 270 1400 rum
293 1323 397 1407 ἓνὲλω
424 1331 460 1395 et
483 1320 691 1420 βούλομαι,
718 1320 762 1394 ad
787 1350 820 1398 v.
836 1322 909 1396 464
928 1322 973 1396 de
991 1331 1202 1397 neutrorum
1222 1322 1297 1424 plu-

191 1456 317 1532 ralium
343 1479 423 1528 cum
449 1452 569 1528 verbis
596 1451 835 1552 singularibus
862 1455 1129 1529 constructione
1156 1454 1242 1529 dixi.
1338 1462 1340 1477 '

335 1585 435 1659 Haec
452 1585 646 1686 generatim
666 1584 711 1657 de
736 1585 916 1682 conjuncti
941 1585 1109 1686 antiquae
1128 1596 1167 1661 et
1183 1614 1296 1666 norae

192 1718 407 1797 Graecitatis
421 1715 531 1791 studii
545 1715 696 1789 utilitate
705 1714 994 1797 dictasulliciant.
1019 1719 1078 1794 Ne
1088 1719 1171 1819 quis
1180 1731 1297 1796 autem

189 1852 228 1925 in
253 1850 399 1925 dubium
423 1856 529 1926 vocet
554 1872 646 1946 quae
672 1847 717 1920 de
741 1848 1029 1947 pronuntiatione
1053 1852 1186 1942 monui,
1211 1880 1297 1944 rem,

191 2009 283 2084 quae
312 1981 467 2055 Erasmo
501 1978 821 2053 comminiscendae
841 2006 966 2074 novae
996 1984 1297 2083 pronuntiationis

190 2141 313 2203 ansam
338 2112 482 2187 dedisse
506 2110 629 2201 fertur,
656 2138 829 2213 exponam
853 2114 972 2189 verbis
1002 2114 1084 2189 Joh.
1115 2116 1297 2218 Rodolpb.

188 2245 502 2345 Wetstenii,quae
519 2245 557 2318 in
570 2243 806 2320 Orationibus
819 2245 1065 2350 Apologeticis
1078 2275 1144 2350 pro
1158 2249 1294 2324 Graeca

191 2389 230 2454 et
259 2377 410 2478 genuina
444 2377 584 2475 linguae
610 2374 770 2449 Graecae
794 2381 1083 2478 pronuntiatione
1110 2407 1189 2480 pag.
1224 2384 1297 2457 119
1338 2360 1340 2369 Ι

191 2518 350 2584 exstant:
398 2506 646 2598 „„Videamus
672 2533 778 2599 nunc,
802 2510 931 2610 inquit,
957 2511 1043 2612 quid
1065 2511 1110 2586 de
1127 2537 1219 2588 nova
1234 2512 1298 2588 illa

190 2639 357 2717 Pandora
372 2638 420 2713 sit
444 2637 680 2738 judicandum,
706 2651 826 2716 utrum
851 2669 974 2720 omues
1000 2673 1021 2718 a
1045 2644 1129 2719 Diis
1152 2671 1297 2746 praero-

190 2774 325 2877 gativas
352 2781 389 2846 et
414 2771 607 2873 elegantias
633 2776 833 2876 acceperit?
858 2804 904 2852 an
928 2803 1014 2855 vero
1038 2777 1156 2852 lucato
1175 2779 1295 2879 colore

190 2906 268 2982 suis
292 2904 507 2980 amatoribus
533 2904 789 3006 aliquantulum
820 2908 1002 3008 imponat?
1056 2907 1294 3010 Antiquitatis

188 3034 347 3138 speciem
371 3036 501 3137 penula
523 3065 611 3138 prae
636 3066 677 3114 se
700 3038 771 3112 lert
794 3037 922 3137 prisca,
948 3065 1018 3136 qua
1043 3067 1062 3113 a
1087 3042 1174 3118 viris
1194 3044 1295 3119 mini·

188 3195 248 3243 me
272 3167 484 3270 spernendis
511 3170 764 3246 circumdatur:
794 3169 892 3242 intus
916 3196 1003 3245 vero
1029 3182 1066 3246 ct
1089 3174 1128 3246 in
1153 3187 1238 3251 cute
1264 3178 1294 3252 si

188 3328 266 3376 eam
305 3304 602 3404 contemplemur,
638 3326 731 3376 nova
763 3309 821 3373 est
853 3308 889 3371 et
919 3299 1043 3374 fraude
1073 3309 1295 3384 memorabili

186 3435 224 3507 iu
249 3436 373 3509 orbern
397 3435 608 3509 introducta.
657 3429 799 3502 Primus
826 3429 920 3502 enim
946 3434 1022 3530 ejus
1041 3446 1165 3510 auctor
1184 3450 1294 3540 atque

186 3591 317 3666 parens
343 3589 492 3666 magnus
516 3563 583 3635 luit
606 3559 790 3651 Erasmus,
816 3561 979 3639 Phoenix
1002 3564 1240 3658 literatorum,
1262 3574 1295 3649 is

186 3697 225 3770 in
250 3693 391 3795 dialogo
422 3696 467 3770 de
491 3690 781 3795 pronuntiatione
806 3695 919 3787 edito,
950 3708 1120 3796 quantum
1153 3697 1296 3796 quodli-

185 3828 251 3900 bet
276 3826 489 3899 elementum
514 3851 534 3897 a
558 3822 758 3924 priscorum
782 3837 982 3930 temporum
1011 3854 1081 3905 usu
1110 3827 1294 3927 deiecerit,

134 4014 139 4035 .
188 3967 226 4030 ct
251 3983 322 4053 qua
345 3954 483 4029 ratione
509 3956 552 4032 acl
578 3955 732 4056 priscam
757 3963 948 4059 puritatem
971 3961 1089 4037 redire
1108 3989 1292 4062 queamus

186 4084 432 4188 praescribere
456 4087 593 4188 primus
619 4097 676 4162 est
699 4115 824 4182 ausus,
851 4093 917 4169 sed
940 4119 1123 4194 nunquam
1154 4122 1198 4170 eo
1232 4099 1292 4176 de·

82 4306 93 4325 ,
185 4219 349 4315 venisset
377 4217 433 4297 vir
464 4217 781 4321 prudentissimus,
818 4224 889 4300 nisi
922 4224 1116 4302 amicorum
1150 4226 1291 4309 insidiis
