2684 4740
1132 201 1179 276 93

73 415 150 460 vum
172 390 274 475 νῶμος
296 413 366 459 esso
389 404 478 458 ratus
495 404 553 458 est.
598 392 719 459 Eadem
733 393 860 458 ratione
875 395 1093 461 nominativus
1106 389 1179 460 νάν.

72 518 153 599 δρας
174 513 245 593 vir,
267 513 413 581 maritus
440 538 482 580 ex
510 518 692 582 accusativo
719 507 775 576 aba
800 503 903 599 ἄνδρα
929 518 967 583 in
986 518 1113 608 plebeja
1132 519 1180 586 lo-

74 639 169 722 quela
192 641 327 703 exstitit.

205 761 249 824 V.
276 760 346 826 152.
391 751 530 842 ἄπέρασε
541 781 608 826 eor.
620 773 671 826 est
683 764 771 827 verbi
782 763 924 848 vulgaris
940 755 1071 845 ἀπερυῶ,
1087 766 1176 850 cujus

73 885 146 950 loco
170 894 204 947 et
224 879 325 965 περνῶ
348 885 480 947 citerior
502 887 664 968 graecitas
685 886 788 963 novit,
804 896 836 947 et
849 886 931 966 quod
943 907 985 949 ex
1005 889 1105 951 veteri
1126 907 1177 948 πε.

73 995 141 1087 ράω
164 1008 286 1070 inserto
309 1027 329 1066 v
349 1007 479 1092 prodiit.
532 999 654 1087 ἆπερυῶ
681 1003 900 1079 transeundi,
923 1007 1178 1092 praetereundi,

71 1126 270 1214 superandi,
293 1125 490 1212 truficiendi
513 1139 547 1191 et
568 1125 827 1214 transfretandi
853 1139 1043 1215 potestatem
1069 1130 1175 1196 habet.

71 1251 190 1332 Itaque
211 1249 346 1313 Crusius
368 1268 435 1311 non
458 1259 606 1312 accurate
628 1250 741 1312 vertit:
770 1257 804 1313 et
826 1269 892 1337 per
917 1246 1032 1312 maria
1055 1250 1178 1318 avexit

72 1391 218 1456 magna,
233 1391 293 1456 pro
309 1370 588 1451 quoscribendum
603 1382 687 1433 erat:
703 1381 736 1432 et
751 1367 865 1434 suario
881 1369 1021 1456 trajecit
1036 1394 1175 1463 magna.
1235 1454 1239 1465 Ι

204 1490 246 1557 V.
273 1475 345 1554 1531
391 1480 425 1550 rb
447 1483 524 1565 νησί
546 1490 596 1554 vei
618 1484 727 1566 νησίον
747 1513 807 1579 pro
829 1491 923 1568 νῆσος
944 1505 1086 1559 veterum
1108 1517 1176 1562 non

69 1632 189 1704 parva
213 1608 326 1676 insula
349 1613 405 1676 scd
427 1607 540 1675 insula
563 1611 617 1676 hio
639 1629 697 1681 est.
725 1650 768 1661 —
797 1601 915 1696 ἕβγαλε
937 1614 958 1679 3
980 1638 1064 1704 pers.
1087 1620 1171 1704 sing.

73 1757 142 1801 aar.
164 1735 231 1798 ind.
254 1748 315 1798 act.
338 1736 427 1798 verbi
450 1725 605 1815 ε’βγάλλω.
650 1735 699 1798 ct.
727 1736 875 1819 Ducang.
906 1738 1011 1802 Gloss.
1040 1742 1132 1805 Tam.
1155 1741 1173 1806 1

72 1881 104 1946 p.
127 1854 204 1938 444,
227 1857 282 1920 ubi
303 1875 371 1918 non
393 1857 473 1919 bene
494 1856 646 1919 scribitur
671 1846 815 1937 εὐγάλλω
830 1869 864 1920 et
878 1857 993 1921 corais
1006 1853 1174 1928 'Arasall

71 2002 102 2069 p.
128 1977 201 2045 134.
245 1979 342 2041 Nune
362 1978 549 2063 plerumque
569 1997 722 2065 praesens
745 1966 871 2058 ἕβγάζω
900 1979 950 2044 vel
976 1972 1089 2062 βγάνω
1115 1993 1172 2050 est.

71 2102 274 2168 Vertendum
295 2111 345 2164 est
367 2099 429 2163 hoc
458 2089 618 2182 e'riyo'ziiu),
641 2100 723 2181 quod
745 2121 764 2162 e
785 2101 887 2163 veteri
909 2091 1052 2180 intimo
1074 2107 1172 2170 exsti.

72 2229 151 2291 tissa
191 2244 287 2288 nemo
318 2223 491 2303 dubitabit,
521 2243 581 2309 pro
615 2222 762 2285 locorum
794 2223 981 2287 diversitate
1018 2221 1173 2313 anferre,

71 2331 288 2422 abstrahere,
304 2341 503 2440 producere,
525 2341 675 2425 adterere,
694 2345 745 2408 vei
766 2343 872 2409 aliter.

200 2468 245 2532 V.
269 2464 343 2532 154.
387 2467 440 2531 De
462 2457 611 2527 ἐκατοίκα
631 2467 694 2530 vid.
717 2467 827 2531 adnot.
850 2487 932 2531 vers.
955 2465 1009 2532 38.

203 2590 246 2654 V.
272 2589 345 2654 155.
389 2578 429 2648 roi
461 2577 556 2669 λόγια
589 2599 623 2650 et
655 2584 685 2647 οἱ
713 2579 802 2668 λόγοι
828 2592 1009 2674 promiscue
1036 2612 1123 2657 nune
1149 2613 1171 2660 tt

70 2715 206 2781 Graecis
227 2712 353 2776 dieitur.
382 2745 426 2756 -
453 2704 548 2770 rota-e
574 2707 625 2772 vel
647 2703 757 2778 bobo
778 2707 955 2790 vulgariter
981 2731 1040 2795 pro
1063 2710 1171 2774 retiret.

69 2874 113 2888 ..
138 2825 256 2918 ἕμπαξε
277 2833 297 2899 3
320 2853 405 2921 pers.
429 2833 513 2915 sing.
541 2850 610 2895 aar.
641 2829 708 2894 ind.
736 2839 798 2893 aet.
825 2831 913 2895 verbi
935 2821 1079 2912 ἐμβάζω,
1111 2853 1171 2921 pro
1279 2902 1285 2917 ,

71 2980 138 3043 quo
152 2968 268 3040 ⁴nostor
281 2946 417 3038 ,ε’μπάζω
439 2955 546 3019 dicere
568 2953 660 3018 solet.
705 2952 782 3017 Vid.
804 2954 846 3018 ad
867 2974 950 3020 vers.
972 2953 1025 3020 22.
1048 2992 1093 3004 -

202 3076 245 3141 V.
271 3078 343 3144 156.
386 3066 521 3158 χαμηλά
540 3077 671 3164 propria
692 3071 880 3152 humiliter,
901 3076 934 3142 h.
958 3078 980 3141 l.
1003 3076 1170 3146 deorsum.

67 3201 120 3267 De
149 3201 390 3286 praepositione
417 3193 454 3258 ἐκ
481 3218 555 3262 curu
580 3198 762 3263 accusativo
789 3202 962 3283 conjuncta
988 3200 1060 3264 vide
1088 3220 1169 3283 quea

46 3322 234 3389 ,observavi
255 3321 297 3383 ad
320 3322 445 3385 versum
467 3317 521 3383 60.

202 3439 246 3503 V.
273 3438 345 3505 157.
389 3432 410 3521 ᾗ
431 3439 609 3524 vulgariter
629 3462 689 3529 pro
710 3437 754 3505 αἱ.
771 3474 814 3491 -
830 3429 951 3501 ἐκᾶναν
962 3441 1058 3506 metri
1073 3461 1170 3509 eausa

60 3588 126 3656 pro
156 3551 279 3624 ἕκαναν
306 3563 329 3626 i.
351 3583 378 3627 e.
409 3549 571 3643 ἕκαμναν,
599 3566 674 3646 quia
700 3565 814 3649 vulgus
842 3552 930 3623 κᾶνω
962 3583 1022 3652 pro
1056 3555 1169 3646 κάμνω

61 3694 259 3773 frequentat.

200 3808 243 3872 V.
270 3807 341 3876 158.
385 3796 485 3870 κάνου
506 3830 549 3874 ex
569 3809 658 3895 vulgi
680 3808 910 3873 consuetudine
930 3828 989 3896 pro
1011 3797 1105 3871 sciro.
1124 3844 1170 3903 ε

61 3919 235 4014 &georgen
266 3951 335 3996 nor.
367 3933 457 3996 verbi
488 3924 638 4012 φραυίζω,
671 3935 762 4015 cujus
794 3927 864 3991 loco
897 3931 992 4017 paulo
1019 3906 1168 3999 usitatius

59 4074 156 4120 nuno
183 4064 234 4116 est
259 4049 365 4134 rouvui
391 4048 505 4116 trabe.
555 4051 615 4119 Sic
644 4064 677 4117 at
702 4052 924 4118 Damascenus
952 4051 1082 4118 Studita
1103 4054 1168 4117 Ho-

59 4175 135 4244 mil.
161 4173 202 4239 21
226 4164 284 4236 καὶ
303 4165 498 4258 φραυίζοντες
517 4168 558 4236 voi
577 4166 698 4258 μαλλία
719 4191 801 4250 rovc,
822 4172 877 4236 ubi
898 4173 935 4237 in
953 4174 1049 4241 editis
1063 4191 1169 4240 exem·
