2684 4740
104 429 203 492 Turrc
226 428 354 510 quidam
377 427 415 490 de
438 428 592 508 muribus,
615 443 758 494 seorsum
781 432 821 495 ab
844 432 992 499 omnibus

102 560 189 623 abiit
212 558 341 622 domum
362 578 465 639 suam,
487 571 521 623 et
540 557 672 641 reliquit
692 559 768 625 illos
790 581 910 627 omnes.

99 689 148 752 Et
172 688 277 752 filium
298 709 392 753 suum
414 691 548 771 vocavit,
570 701 606 753 ut
628 691 753 763 veniret
773 691 816 756 ad
835 695 1054 780 pugnandum,
1096 709 1100 715 ’

100 832 203 902 atque
226 821 262 883 in
284 819 394 885 husten
416 823 542 914 lacinus·
559 821 763 908 praeclarum
777 835 813 887 ut
826 837 1023 892 monstraret
1037 837 1070 893 ct
1083 829 1211 897 faceret

98 950 231 1016 Statim
252 952 462 1039 Meridarpax
482 954 629 1039 pervenit
651 953 693 1016 ad
715 951 844 1034 flumen,

97 1084 209 1163 ranis,
233 1082 355 1166 (sieut)
378 1084 515 1163 dicebat,
537 1095 575 1147 ut
596 1082 733 1147 multum
754 1083 834 1147 mali
855 1085 1004 1166 inferret3

97 1215 257 1277 mediam·
269 1215 370 1277 scidit
391 1233 517 1292 nucem,
540 1224 574 1275 et
595 1213 678 1295 tegit

99 1356 239 1425 tergum
260 1341 472 1423 humerosque
493 1362 579 1423 suos,
600 1353 634 1405 et
654 1341 802 1410 lanceam
823 1344 947 1431 arripit.

99 1475 163 1540 Ad
185 1493 283 1536 ranas
306 1474 455 1553 cucurrit,
478 1473 616 1555 illaeque
638 1474 814 1538 exterritae
836 1486 922 1555 sunt,

102 1608 143 1668 in
167 1604 318 1691 paludem
341 1617 474 1669 cunctae
497 1605 644 1669 celeriter
667 1625 834 1669 cucurrere
856 1616 895 1669 ae
917 1625 988 1670 sese
1010 1611 1168 1681 abdidere,

101 1737 183 1801 Nisi
203 1737 393 1823 providisset
415 1736 569 1824 Iuppiter,
592 1736 722 1801 illarum
743 1746 781 1799 ut
801 1737 1018 1821 misereretur,
1066 1771 1069 1779 ·

103 1879 239 1932 cunctas
260 1867 317 1930 ille
338 1865 427 1930 selus
448 1868 585 1931 vicisset.

105 1999 216 2085 Caput
238 1999 401 2082 quassavit
421 1998 576 2085 Iuppiter,
599 2008 633 2060 ct
653 1999 702 2062 sic
723 1996 857 2061 clamatt

102 2131 190 2210 Heu,
213 2129 286 2210 heu,
309 2130 388 2211 quid
408 2141 544 2193 cernunt
565 2127 660 2192 hodie
683 2126 768 2190 oculi
788 2127 872 2190 mcii
893 2127 1085 2196 vociferatur
1091 2157 1102 2214 3

103 2263 248 2329 nimium
269 2271 425 2341 quantum
445 2280 496 2321 me
519 2259 652 2321 offendit
672 2257 882 2344 Meridarpax
903 2258 975 2340 istc,

104 2413 210 2458 ranas
230 2392 365 2455 miseras
388 2390 470 2472 quod
492 2389 631 2455 trucidat
651 2388 708 2452 sic.

106 2523 177 2590 Sed
200 2544 259 2608 age
281 2524 406 2587 mittam
428 2521 619 2600 Minervam,
641 2530 699 2583 aut
720 2520 836 2585 sortem
858 2520 1009 2604 Martem,

107 2658 173 2744 ipsi
194 2653 417 2740 Meridarpagi
438 2662 474 2714 ut
494 2651 613 2736 eripiat
633 2647 789 2712 lanceam.

107 2785 170 2852 Sic
193 2786 277 2848 dixit
296 2782 451 2869 Iuppiter.
496 2779 590 2842 Mars
611 2797 685 2841 vero
709 2778 741 2839 ei
763 2778 942 2862 respondit:

107 2920 141 2983 0
163 2915 310 3002 Iuppiter
331 2910 499 2990 Saturnio,
520 2910 618 2973 scitor
640 2907 812 2974 Ranarum
835 2917 981 2974 catervae

108 3069 176 3115 non
198 3058 305 3133 potest
325 3040 482 3123 Minerva,
503 3061 564 3106 uec
585 3061 645 3125 ego
666 3040 759 3104 Mars

109 3180 269 3246 auxilium
290 3179 385 3256 ferre,
406 3174 473 3238 nisi
495 3182 626 3237 cunctos
647 3190 708 3234 nos
729 3172 890 3236 sumseris.

110 3313 180 3379 Aut
201 3311 309 3390 etiam,
331 3309 362 3372 si
384 3307 443 3386 vis,
465 3324 542 3371 mox
562 3302 655 3368 dolor
672 3312 745 3366 tuus
766 3314 803 3366 ut
824 3313 937 3384 cesset,

110 3442 242 3509 fulmini
263 3451 317 3504 tuo
339 3440 473 3526 impera,
495 3448 532 3501 ut
553 3446 608 3501 eat
629 3437 827 3499 combustum

109 3575 203 3640 illum
225 3571 477 3637 crudelissimum
497 3587 651 3635 ranarum
671 3568 918 3646 interfectorem,

109 3708 197 3773 sicut
218 3704 315 3785 ivisti,
337 3713 371 3767 et
392 3702 592 3767 combussisti
614 3699 786 3781 aliquando
809 3694 1029 3761 Salmoncum.

108 3837 247 3903 Fulmen
268 3846 362 3901 tuum·
378 3834 527 3921 perdidit,
549 3835 633 3897 sicut
654 3830 716 3895 lmc
737 3831 844 3892 sciunt
866 3844 989 3903 umues,

110 3988 186 4034 cum
207 3965 290 4031 alios
311 3976 418 4046 antea,
442 3977 512 4028 tum
533 3965 616 4026 feros
638 3962 712 4025 illos
735 3959 900 4042 Gigantes.

108 4099 229 4165 Tacuit
249 4096 353 4178 Mars,
374 4109 443 4160 tum
465 4091 640 4159 Saturnius
661 4092 762 4159 mittit

108 4233 221 4296 lurore
242 4240 275 4291 et
296 4230 346 4293 ira
369 4224 559 4306 (accensus)
580 4230 677 4289 urens
697 4238 790 4287 mum
811 4214 919 4278 telum.
