2684 4740
1152 206 1221 284 139

253 394 295 461 V.
319 393 394 463 406.
439 386 574 458 antinoo
593 416 652 484 per
673 415 838 485 syncopen
859 399 1036 464 breviatam
1057 396 1100 468 ex'
1120 395 1222 467 mmd-

114 537 192 583 τιον.
239 519 325 584 Vide
348 541 438 604 qnae
452 521 586 608 exposui
608 520 649 584 ad
671 539 751 585 vars.
775 518 849 588 339.
887 555 931 569 -
967 516 1138 598 loeva-inan
1157 527 1223 592 vnl-

117 643 245 725 gariter
271 655 305 707 et
322 646 374 708 ·ob
402 645 498 707 metri
525 642 630 728 legem
657 663 716 731 pro
745 632 922 721 ἐκύησαν.
973 646 1020 714 Cf.
1042 649 1151 714 adnot
1180 652 1222 716 nd

117 782 198 830 vers.
215 757 299 831 379.

252 887 294 952 V.
318 885 393 954 408.
438 880 494 949 τὸν
525 878 662 969 τράφον,
689 889 821 969 antique
848 879 904 964 τὴν
929 876 1058 970 τάφρον.
1109 890 1221 978 Penei,

118 1009 205 1091 quod
226 1031 286 1075 nos
309 1011 434 1093 quidem
456 1013 612 1091 sciamus,
635 1011 720 1096 apud
740 1021 865 1074 veteres
886 1002 904 1070 ὃ
925 999 1041 1093 τάφρος
1060 1015 1223 1100 dixemt,

120 1132 158 1194 in
180 1130 233 1194 his
255 1133 415 1197 Aloidam.
439 1155 470 1220 p.
494 1133 537 1197 05
560 1133 609 1195 cd.
632 1131 748 1194 Reisk.
771 1142 804 1193 et
825 1130 1016 1217 Apollodor.
1038 1135 1066 1216 Ι,
1088 1135 1121 1218 8,
1138 1137 1224 1202 1.-

122 1239 285 1330 ἒκᾳυβῆὲη
307 1274 375 1318 aar.
397 1273 482 1340 poss
506 1255 595 1317 verbi
616 1248 726 1333 κρυβῶ
746 1247 935 1328 abscondo,
962 1267 998 1319 nt
1024 1257 1112 1323 inira
1131 1279 1226 1329 vernn

121 1368 200 1438 467.
245 1373 360 1460 Longo
382 1377 532 1440 usitatius
554 1374 651 1440 hodie
673 1385 723 1439 est
743 1364 850 1456 κρῦβω
876 1376 934 1460 (ci.
956 1397 1038 1443 vers.
1061 1377 1153 1466 490.)
1175 1384 1227 1449 vol

121 1497 229 1579 magis
255 1498 353 1560 ctiam
379 1497 580 1584 populariter
606 1489 751 1579 κρύβγω,
784 1497 898 1579 quibus
930 1501 1043 1566 formis
1076 1506 1225 1590 signatur

120 1616 208 1683 idem
235 1619 319 1700 qnod
346 1620 433 1683 inest
458 1620 495 1683 in
523 1632 667 1685 soterum
692 1622 789 1685 verbo
810 1608 942 1700 κρύκιω.
984 1622 1081 1690 Hand
1102 1629 1225 1714 injnrin

123 1751 234 1805 tamen
257 1741 378 1806 Coraes
397 1733 519 1802 ’nram
542 1753 620 1805 tom.
638 1740 704 1827 IV.
725 1762 757 1826 p.
779 1737 847 1804 259
873 1731 982 1823 κρῦβω
1003 1759 1110 1812 aetate
1135 1754 1226 1836 prin

123 1864 223 1931 inisse
255 1875 366 1929 censet
394 1883 491 1946 quem
517 1831 658 1944 κρῦπιῶ,
678 1863 719 1926 id
747 1862 830 1944 qnod
859 1863 895 1926 in
922 1866 1034 1945 formis
1063 1863 1174 1949 βλᾶβω
1194 1887 1227 1938 et

124 1975 252 2065 βλάπτω
275 1987 450 2070 contigisse
472 1985 624 2051 videmus.
672 1984 766 2048 Unus
787 1982 893 2048 adhuc
918 1985 1078 2054 Homerus
1104 1993 1228 2081 simpli·

126 2110 212 2173 tiore
234 2109 337 2172 forma
361 2104 415 2173 hic
439 2106 509 2173 illic
530 2108 641 2185 utitur,
665 2128 694 2171 c.
716 2127 744 2170 c.
767 2093 807 2170 ll.
830 2105 885 2170 lib.
907 2105 1005 2189 XIX,
1028 2107 1072 2175 89
1114 2107 1228 2194 βλάβε.

124 2248 176 2290 roo
203 2222 240 2291 δὲ
261 2219 353 2314 ny&
378 2249 434 2311 περ
463 2218 523 2290 idn
548 2219 718 2312 ἀγόρηιής,
747 2223 863 2311 reliqui
889 2243 1077 2298 constanter
1103 2227 1229 2314 βλάπτω
1310 2269 1315 2279 ·

127 2355 281 2440 scribunt.
327 2351 500 2417 Probabile
521 2353 637 2437 igitur,
658 2355 731 2436 jam
752 2336 887 2436 antiqno
912 2373 991 2420 aeto
1018 2357 1056 2422 in
1082 2358 1231 2447 populari

128 2497 277 2542 sermono
299 2476 461 2540 exstitisse
482 2463 589 2558 κρῦβω
610 2494 670 2562 pro
691 2461 824 2556 κρῦπω.

261 2597 304 2665 V.
326 2593 402 2663 409.
445 2588 485 2659 oi
506 2598 528 2661 i.
551 2619 580 2660 o.
602 2587 678 2672 eici,
700 2590 754 2671 εἷς,
774 2608 812 2659 nt
832 2596 970 2662 vidimus
990 2599 1113 2686 dialogi
1135 2625 1163 2668 v.
1184 2605 1216 2669 9.

263 2720 307 2785 V.
330 2718 405 2785 410.
448 2708 536 2779 ἀλλὰ
553 2708 688 2798 ’monti'
713 2718 735 2781 i·
758 2738 786 2780 ο.
810 2706 895 2776 &Uni
917 2711 1072 2799 ἕιηροπήν.
1120 2725 1154 2788 Α
1176 2745 1232 2791 no.

130 2856 219 2909 strae
240 2835 412 2908 memoriae
436 2840 569 2906 Graecis
592 2826 718 2920 cononi
740 2835 791 2902 vel
813 2839 852 2901 de
869 2836 1003 2926 pudore
1033 2842 1084 2907 vel
1111 2845 1150 2909 de
1177 2845 1234 2914 dc.

133 2965 257 3048 decoro
278 2967 410 3053 capitur.
434 2997 478 3011 -
500 2951 544 3024 νά
564 2956 618 3046 ’κῃ
640 2963 661 3027 1.
685 2982 713 3025 c.
735 2948 780 3021 noi
801 2947 878 3044 ἔκη’.

266 3086 308 3154 V.
332 3087 406 3154 411.
451 3075 635 3168 §exoniensis
661 3086 852 3168 adjectivum
875 3104 895 3148 a
916 3090 1012 3152 verbo
1034 3084 1190 3173 ξεκωρίζω
1210 3097 1233 3160 i.

131 3235 161 3278 e.
184 3207 353 3311 disjungo,
374 3228 509 3297 separo,
530 3205 698 3304 distinguo
720 3208 901 3271 formatum.
945 3206 1004 3270 Est
1026 3209 1126 3290 igitur
1139 3216 1235 3289 ξιχω.

130 3324 237 3418 nostin
269 3330 464 3420 disjunctus.
515 3331 648 3397 Crnsius
675 3328 751 3396 hi
778 3328 926 3394 adverbio
948 3327 1096 3392 reddidit.
1140 3338 1236 3410 ξεῃ».

132 3450 226 3541 eides,
246 3468 401 3521 constans
429 3455 669 3543 praepositione
691 3447 725 3532 ἐξ
752 3453 847 3534 (licet
870 3450 1077 3537 transpositis
1099 3452 1237 3538 litteris)

133 3592 171 3647 ct
190 3571 326 3662 οφρῖζω,
348 3577 541 3660 abantiquo
574 3567 733 3658 ἐκχωρίξω
755 3585 877 3640 mutata
904 3572 1145 3659 significatione
1172 3597 1239 3644 mn·

133 3673 246 3784 navit,
269 3704 318 3772 ita
339 3712 376 3765 nt
396 3701 438 3774 ed
459 3712 647 3791 potestatem
669 3699 826 3789 simplicis
847 3687 971 3778 γρρίξω
992 3696 1134 3763 redierit

271 3824 315 3889 V.
339 3822 415 3891 tlt.
460 3819 576 3907 ἐπῆγεν
603 3843 669 3890 eor.
692 3822 761 3888 ind.
783 3821 872 3886 verbi
892 3811 1003 3903 πάγω,
1031 3821 1070 3887 de
1099 3843 1160 3905 quo
1186 3826 1241 3912 ogi

136 3951 182 4024 ad
205 3970 288 4014 vers.
311 3947 384 4014 303.
409 3983 453 3993 -
481 3938 563 4015 σπίτι
585 3945 725 4034 explicui
746 3943 788 4008 ad
809 3963 890 4009 vers.
914 3941 968 4010 61.
997 3978 1038 3996 ·-
1067 3930 1171 4025 ἅφησε
1192 3969 1243 4016 rc·

137 4069 243 4173 liquit
265 4093 333 4144 aot.
356 4071 423 4145 ind.
445 4082 507 4134 act.
530 4070 619 4135 vcrbi
640 4058 751 4146 ἁφίυω.
795 4066 845 4131 Gi.
869 4058 1013 4134 advers.
1036 4065 1111 4135 322.

278 4194 322 4259 V.
344 4191 422 4261 tta.
467 4178 577 4274 ἕκραξε
604 4186 772 4258 vocavit(
802 4187 881 4256 Alia
913 4190 1009 4276 liujus
1042 4189 1245 4276 significatus
