2684 4740
1183 165 1251 238 119

145 327 289 422 doronem
310 343 557 429 interpretatum
580 365 651 410 esse
665 343 866 411 testudinum
881 356 999 415 testas·
1037 355 1248 444 Interpretari

145 465 293 529 debebat:
317 462 476 528 limacum
499 463 648 531 conchas
669 467 730 548 vel,
753 471 835 552 quod
851 472 934 535 idem
950 485 1010 555 est,
1033 473 1245 543 cochlearum

142 595 262 652 testas.
291 602 341 634 -‘
358 575 480 665 ἔβαλαν
501 590 523 651 i.
546 609 576 671 q.
599 577 722 668 iaetu.
925 567 945 601 ’·

275 708 318 771 V.
341 707 428 773 171.
463 711 596 787 Quodn
617 715 775 777 veteribus
797 715 1020 802 appellabatur
1041 717 1174 781 σεῦτλον
1193 723 1245 787 vel

140 843 177 894 ut
199 830 254 895 hio
276 832 312 895 in
334 830 508 919 archetypo
530 846 580 899 est
603 834 707 916 (vers.
732 834 816 916 161)
837 836 972 915 τεῦτλον,
987 840 1021 902 id
1036 840 1132 906 hodie
1148 837 1243 928 virlgo

139 951 277 1013 σεῦκλον
297 966 509 1039 nuncupatur·
564 953 710 1041 Sirjan
733 957 881 1043 Agapius
905 957 1070 1024 Cretensis
1098 963 1134 1025 in
1162 963 1243 1029 Geo-

137 1077 256 1160 ponioo
284 1065 351 1161 o'ap.
379 1049 438 1156 91,
467 1075 528 1156 93,
560 1076 623 1142 109
651 1088 683 1141 et
709 1077 798 1142 alibi.
846 1079 990 1143 Fuerunt
1019 1092 1127 1145 tamen
1156 1086 1242 1148 inter

138 1197 293 1275 Graecos,
316 1197 370 1276 qui
391 1189 585 1259 ereduntur
613 1199 763 1260 dicerent.
813 1200 921 1275 Quare
948 1203 984 1263 in
1013 1201 1144 1266 Corona
1172 1226 1242 1290 pre-

139 1319 236 1396 tiosa,
259 1335 354 1397 quam
377 1327 558 1380 antestatus·
578 1318 768 1401 Durangius
790 1321 881 1382 Tom.
897 1321 932 1383 11
952 1343 983 1407 p.
1003 1321 1098 1386 1356.
1123 1316 1242 1385 σε’σκλο

134 1439 312 1522 exponitur
326 1458 401 1501 voee
424 1436 564 1498 σεῦτλον.
606 1439 717 1520 ltaque
734 1442 858 1505 servavi
875 1442 910 1503 in
927 1452 1017 1506 textu
1033 1464 1141 1507 raram
1156 1443 1241 1511 hano

132 1561 319 1638 dictionem,
343 1579 423 1639 quae
446 1555 560 1623 hetam
582 1560 738 1645 designat
779 1596 821 1608 -
867 1552 1007 1644 ε’κάμασι
1029 1585 1089 1653 pro
1112 1553 1240 1648 ἔκαμαν

130 1684 152 1745 i.
178 1703 207 1746 e.
231 1667 361 1761 ἔκαμον.

266 1799 307 1864 V.
329 1798 403 1865 171.
446 1795 642 1884 uepooe'truou
667 1800 784 1888 opium
808 1802 1024 1888 aquaticum,
1044 1809 1168 1871 novitia
1191 1808 1236 1872 lo-

129 1927 219 1991 eutio
248 1925 427 2012 composita
455 1945 497 1989 ex
523 1915 629 2006 nepdu,
652 1925 692 1987 de
714 1945 776 2006 qua
799 1945 875 1988 voee
897 1926 950 2009 egi
972 1927 1012 1990 ad
1035 1947 1116 1991 vers.
1140 1927 1184 1992 60
1206 1942 1238 1993 et

126 2051 263 2131 antiquo
291 2046 443 2111 vocabulo
471 2040 605 2108 σέλινον.
657 2045 706 2109 Cf.
734 2046 957 2129 Durangium,
986 2048 1020 2112 si
1038 2048 1154 2134 volupe
1176 2061 1235 2131 est,

122 2173 221 2236 Tum.
243 2170 262 2235 Ι
282 2190 314 2256 p.
338 2166 413 2233 991.
437 2201 480 2214 -
502 2161 651 2248 μανίκιον
672 2164 811 2231 vunnim
834 2166 1026 2232 Latinorum
1048 2171 1235 2234 vocabulum

125 2305 189 2374 est,
211 2293 269 2357 sed
291 2313 333 2354 ex
354 2289 444 2373 vulgi
467 2289 664 2353 Graecorum
687 2291 917 2354 consuetudine
945 2289 981 2353 in
1004 2290 1234 2356 deminutivum

124 2417 400 2481 transformatum.
444 2409 588 2476 Utuntur
604 2433 641 2476 eo
657 2412 837 2476 Mauricius
851 2411 906 2476 lib.
922 2413 940 2476 Ι
955 2409 1097 2498 Strateg.
1115 2434 1183 2500 eap.
1202 2410 1232 2476 1.

123 2538 196 2603 Leo
224 2537 260 2601 in
287 2535 406 2600 Teotio.
435 2531 503 2597 ou
532 2534 559 2613 §-
585 2532 633 2598 13.
685 2531 831 2615 Symeon
859 2532 1079 2599 Thessalonio.
1108 2538 1147 2600 de
1170 2533 1232 2600 Sa·

120 2661 203 2725 eris.
227 2658 340 2722 Ordin„
367 2677 435 2743 oap.
458 2624 492 2719 5.δ
533 2655 681 2718 vCodinus
705 2650 743 2715 de
766 2653 862 2716 offic.
886 2655 991 2740 oapi
1014 2677 1100 2717 num.
1116 2655 1230 2734 35‚36.

122 2780 463 2864 Euelrologium‘pag.
488 2774 561 2840 358.
613 2773 844 2858 Ptoohoprodr.
874 2784 986 2835 eontra
1007 2774 1231 2857 Hegumenum

124 2922 211 2968 vers.
233 2901 369 2990 53·,pag.
398 2901 436 2963 17
460 2900 506 2961 ed.
530 2898 648 2962 Corais
668 2909 702 2960 et
723 2895 782 2959 alii
803 2892 962 2982 permulti.
990 2893 1066 2957 Vid.
1080 2894 1229 2980 Duoang.
1296 2976 1300 2982 Ι

122 3029 163 3090 in
179 3024 283 3090 Gloss.
306 3024 385 3089 med.
410 3036 443 3086 et
464 3024 521 3086 inf.
546 3021 600 3087 Gr.
624 3021 714 3085 Tom.
736 3019 753 3081 I
775 3037 806 3106 p.
819 3013 885 3082 870
906 3028 940 3082 et
961 3018 997 3083 in
1019 3017 1124 3083 Gloss.
1148 3019 1229 3084 med.

120 3158 157 3212 et
179 3148 237 3212 ini.
260 3145 332 3212 Lat.
355 3168 382 3210 s.
405 3167 435 3212 v.
456 3141 646 3208 enunicium.
1148 3154 1151 3159 ·

254 3268 298 3334 V.
320 3265 395 3333 173.
438 3257 671 3349 κραμβὸφυλλα
693 3282 758 3327 uno
785 3260 917 3324 nomine
945 3259 1051 3322 reddit
1080 3258 1162 3341 quod
1189 3263 1227 3325 in

117 3389 298 3478 archetypo
327 3411 407 3456 vers.
438 3389 501 3454 161
528 3408 587 3476 per
614 3383 820 3474 periphrasin
848 3369 955 3460 φύλλα
980 3374 1042 3438 τῶν
1073 3378 1226 3456 eoeneum

118 3515 321 3600 exprimitur.
366 3514 492 3577 Citatur
519 3523 553 3574 et
576 3513 677 3574 forma
696 3495 946 3588 κραμπόφυλλον
973 3518 994 3563 a
1014 3498 1185 3582 Duoangio
1207 3501 1224 3563 1

117 3659 148 3724 p.
166 3633 229 3701 751
254 3656 296 3699 ex
320 3635 397 3699 cod.
413 3636 508 3698 Paris
536 3629 630 3706 1673,
653 3631 694 3694 ad
717 3647 812 3712 quam
833 3621 1058 3710 explicandam
1079 3622 1119 3683 ei.
1143 3640 1223 3702 quae

117 3779 202 3823 vers.
228 3755 292 3823 101
315 3759 462 3821 diximus.
485 3791 529 3802 —
552 3745 704 3826 ἕσχίσασι
725 3732 880 3832 utsupra
902 3763 983 3807 vers.
1006 3741 1082 3808 111.
1104 3775 1149 3792 -·
1169 3742 1222 3807 De

116 3870 296 3962 onomdpm
318 3882 356 3942 ef.
379 3899 459 3961 quae
482 3876 646 3942 observavi
667 3876 811 3939 advers.
836 3865 911 3930 113.

252 3997 294 4066 V.
317 4000 390 4066 171.
435 3999 569 4081 βοῦρλαν
596 3998 692 4064 hodie
719 3990 931 4058 usitatissima
958 3988 1071 4067 dictio,
1087 3986 1220 4072 juncus,

115 4127 253 4210 antique
276 4098 418 4198 σχοῖνος.
454 4124 665 4190 Inveniuntur
682 4127 849 4208 praeterea
866 4113 988 4176 formae
1005 4107 1138 4190 βροῦλου
1151 4108 1220 4171 sive
1289 4196 1292 4214 Ι
