2684 4740
122 396 245 464 Ranae
267 401 469 474 resciverunt
490 402 572 471 haec
593 426 689 493 noun,

121 531 235 594 venire
257 551 367 597 mures
389 547 504 602 contra
523 558 560 602 rc
582 561 656 607 cum
676 544 789 631 copiia

121 657 214 726 Sine*
229 662 298 726 ulla
319 668 524 742 cunctatione
545 691 589 733 cx
609 691 694 753 aqua
714 677 875 752 exierunt,

120 804 155 855 et
176 793 214 856 in
235 792 342 858 iocum
364 809 487 863 certum
508 803 679 866 confestim
701 825 816 870 omncs
836 819 1066 887 convenerunt,

119 935 159 986 ut
181 938 416 1008 cognoscerent
437 950 580 1013 causum,
604 953 662 996 cur
682 936 747 999 ribi
767 936 986 1001 irmcerennu
1006 937 1069 1000 illu

120 1053 268 1148 Cunctae
289 1057 326 1120 in
347 1059 444 1124 dubio
467 1063 615 1142 fuerumt,
637 1076 771 1150 propter
793 1068 870 1146 quid
890 1068 954 1130 eibi
974 1067 1228 1134 inimicarentur.

121 1184 326 1249 Caduceator
348 1189 491 1271 aduenit,
511 1189 793 1272 Embusichytrue,

120 1314 331 1403 Tyroegphi
351 1316 451 1398 filius,
473 1319 529 1400 qui
549 1332 621 1386 erat
641 1321 752 1412 auimo
772 1342 903 1417 megno.

118 1443 262 1529 Virgam
284 1457 400 1510 tenens
423 1459 585 1514 tornatum
606 1451 643 1514 in
663 1473 764 1516 manu
783 1473 845 1518 rua
865 1465 1009 1536 utraque,

116 1577 218 1643 ranis¹
233 1578 515 1664 appropinquavit,
538 1591 573 1645 et
593 1583 683 1646 veuit
704 1584 746 1648 ad
768 1604 826 1649 eas
846 1605 954 1672 prope.

115 1706 210 1771 Dicit
230 1709 295 1772 cis:
318 1706 446 1773 Scitote
468 1722 603 1775 cunctae
623 1731 682 1776 vos
701 1732 821 1792 ranae3

115 1858 226 1902 mures
247 1850 325 1902 sunt
346 1840 436 1921 irati,
457 1851 491 1904 et
510 1842 636 1907 iaciunt
656 1844 748 1911 vobis
769 1842 899 1908 bellum.
970 1918 974 1923 ⁴

115 1971 175 2034 are
197 1972 365 2052 miserunt,
388 1982 425 2035 ut
446 1937 537 2037 vans
558 1936 699 2037 necem
720 1975 853 2054 mern,

115 2113 153 2165 ut
174 2103 268 2167 iretis
290 2102 334 2167 ad
354 2113 513 2182 armm'ct
535 2103 697 2189 caperetis
717 2102 861 2179 lanceas,

115 2234 195 2314 quia
217 2232 403 2294 didicerunt
422 2250 461 2293 ac
481 2232 643 2311 viderunt,
665 2232 786 2315 injuste
808 2232 1012 2296 interemtum

117 2362 213 2425 illum
236 2357 501 2447 Psicharpagem,
525 2361 681 2449 (nempe)
703 2363 802 2445 aquis
819 2363 1021 2444 suffocatum,

115 2514 213 2576 quern
234 2492 345 2556 necuit
365 2512 426 2578 per
445 2493 619 2575 malitiam,
642 2494 731 2558 velut
751 2496 816 2574 fur,

115 2635 223 2689 vester
243 2644 315 2704 rex,
336 2620 586 2706 Physignathus
606 2624 757 2685 mendara

114 2758 170 2819 Nc
193 2754 454 2837 igiturcessate,
475 2751 512 2812 in
534 2751 606 2812 acic
629 2769 686 2811 vos
709 2747 877 2810 collocare.
901 2756 905 2763 “

115 2887 196 2950 Non
208 2883 312 2948 habeo
323 2879 416 2944 aliud
426 2880 544 2960 dicere,
556 2890 589 2956 et
600 2879 749 2961 relinquo
762 2880 851 2942 vobis
857 2878 1039 2942 sanitatem.
1046 2875 1128 2957 (hc.
1134 2887 1167 2939 ct
1172 2893 1224 2939 ua·

115 3017 229 3081 Verba
250 3014 333 3079 hacc
355 3007 528 3076 turbarunt
547 3031 702 3075 ranarum
724 3012 862 3089 animos,
934 3009 1017 3089 [lere
1038 3031 1095 3072 vos
1111 3007 1224 3093 jubeo)

115 3145 384 3232 Physignathtun
407 3145 609 3223 incusabant,
632 3155 667 3207 et
688 3141 964 3229 reprehendebant
984 3140 1141 3222 singulae.

117 3283 178 3346 Ille
200 3297 284 3343 vero·
301 3237 464 3341 aitz'Non
484 3295 554 3338 sum
576 3296 637 3358 ego
659 3276 697 3337 in
719 3295 828 3351 causa,

118 3427 154 3477 ut
177 3408 385 3494 Psicharpax
407 3406 555 3491 perierit;
576 3425 680 3485 neque
703 3404 933 3470 virntroduxi.

119 3547 244 3608 Natare
267 3544 338 3627 ipsc
360 3533 533 3620 aggressus
554 3549 616 3614 est,
638 3547 673 3599 ut
693 3539 753 3617 ita,
774 3535 858 3597 sicut
879 3552 939 3595 nos
960 3538 1097 3591 nataret.
1173 3582 1198 3639 4

120 3677 217 3740 Nunc
240 3671 350 3755 (ergo)
373 3666 702 3730 multitudomurium
724 3687 822 3748 quare
843 3682 895 3725 me
917 3661 1095 3746 vituperati

121 3808 190 3891 Ego
213 3825 284 3867 non
308 3799 430 3863 offendi
452 3817 506 3858 eos
528 3798 563 3874 in
583 3797 650 3862 ulla
671 3818 716 3861 re.

123 3936 190 4001 Sed
212 3955 277 4018 age
302 3933 451 3992 ineamus
474 3927 650 4010 consilium,
672 3941 708 3993 ut
730 3941 960 4008 congregemur
982 3941 1058 4000 uua,

124 4068 338 4132 inveniamus
362 4077 453 4120 arma
474 4056 617 4141 pulchra,
641 4077 751 4122 omnes
773 4074 943 4134 armemur,

126 4199 205 4262 ioris
229 4193 275 4259 ad
300 4190 411 4275 ripam
433 4197 566 4251 cunctae
586 4190 789 4275 reperiumru.
