2684 4740
1170 193 1216 266 ll

104 415 134 456 v.
153 416 180 456 c.
205 385 362 472 λουρίκιον
384 409 443 476 pro
458 383 613 470 λωρίκιου,
636 406 696 470 quo
719 388 789 475 ipsc
812 389 967 456 vocabulo
991 399 1101 476 noster
1116 391 1217 476 iupa-

106 514 260 603 raphrasi
283 516 368 600 epici
391 514 542 578 carminis
565 513 673 575 utitur.
720 509 761 575 Si
784 513 856 593 quis
879 512 944 578 alia
967 512 1114 598 exerupla
1137 511 1218 575 ‹lesi-

106 640 207 703 derat.
224 638 314 727 legat
329 656 409 718 quae
423 634 543 699 Coraes
556 633 616 701 leae
632 635 670 698 ela
682 654 717 698 re
735 637 884 722 exposuit
907 637 943 701 in
961 636 1069 700 Bastii
1085 635 1217 698 adnota-

106 761 199 825 tione
226 761 266 824 ad
290 756 459 824 Sclraeseri
483 757 662 844 editionem
680 758 832 842 Gregorii
855 757 1021 823 Corinthii
1043 778 1116 845 pag.
1140 755 1216 822 363.

241 881 282 942 V.
307 879 336 943 2.
363 870 420 940 ἕνα
442 880 586 963 vulgaris
604 883 712 967 *forma
739 892 788 944 est
817 901 875 967 pro
907 870 948 941 ἔν.
1001 882 1129 966 Quippe
1152 879 1217 944 vul·

107 1026 169 1090 gns
192 993 250 1090 pro
273 991 326 1081 εἷς,
349 997 418 1083 μία,
442 989 476 1062 ἓν
498 1004 678 1085 frequentat
701 991 785 1078 ibae,
807 995 879 1080 μία,
903 991 970 1079 ἕνα,
992 1001 1218 1066 inhoatamen

106 1151 129 1194 a
152 1138 293 1191 veterum
315 1146 374 1190 usu
397 1127 569 1203 recedens,
593 1125 674 1204 quod
699 1123 783 1188 hanc
806 1122 1003 1188 locutionem
1025 1142 1092 1186 nou
1115 1124 1220 1187 solum

106 1269 231 1314 nomen
261 1247 443 1324 numerale,
471 1246 648 1311 sedetiam
676 1246 874 1311 novitiarum
897 1244 1087 1329 ‘linguarum
1110 1244 1220 1310 imita·

110 1373 204 1434 tione
226 1366 395 1433 articulum
419 1366 620 1434 indefinitum
643 1387 663 1431 a
688 1365 975 1455 Ptoelroprotlromi
992 1370 1058 1431 iere
1075 1378 1219 1455 tempere

108 1513 182 1556 esse
206 1491 313 1555 veluit
359 1489 417 1555 Est
439 1490 540 1572 igitur
563 1478 620 1552 ἕνα
642 1481 765 1567 βιβλίον
787 1509 853 1555 non
877 1502 1002 1555 tantum
1022 1510 1106 1554 uuita
1120 1486 1218 1572 liber,

110 1615 169 1680 sed
197 1616 295 1679 etiam
323 1608 408 1676 liber
431 1609 569 1697 quadarn
592 1604 715 1690 βιβλίου
737 1634 764 1674 n
788 1624 883 1698 atque
907 1615 1038 1678 manino
1059 1610 1157 1688 liber,
1181 1627 1219 1678 ut

110 1741 148 1803 in
171 1739 346 1801 recentium
368 1733 558 1821 populorum
581 1723 702 1818 linguis
725 1754 769 1794 un
785 1731 883 1809 livre,
899 1734 952 1797 cin
967 1732 1076 1798 Bueh.
1106 1736 1220 1800 Prima

112 1859 208 1945 hujus
241 1879 317 1936 usus
356 1857 492 1941 uestigia
531 1855 616 1942 apud
648 1855 854 1920 Theodorum
888 1855 1220 1942 Ptoehoprodromum

113 1994 191 2048 sunt
212 1985 292 2059 βιβλ,
316 1968 443 2055 ᾶ,’ς·ι“χ.
470 1974 542 2041 125.
569 1977 666 2038 σελιδ.
690 1977 718 2041 5.
744 1979 791 2042 ed.
817 1978 890 2042 Cor.
938 1977 1072 2044 Similes
1087 2001 1128 2043 ex
1144 1979 1220 2044 aliis

112 2105 323 2191 scriptoribus
352 2101 439 2165 locos
468 2099 621 2184 allegavit
648 2098 836 2182 Ducangius
865 2100 962 2184 gloss.
991 2101 1070 2166 mel
1100 2112 1132 2164 et
1159 2103 1218 2179 inb

113 2248 163 2312 gr.
187 2227 226 2289 T.
250 2225 274 2287 l.
298 2243 372 2308 pag.
397 2220 471 2286 384.
495 2218 579 2307 seqq.

249 2331 385 2426 abpopoo
412 2364 470 2431 pro
498 2329 670 2425 εὔμορφον,
700 2356 735 2409 ut
764 2365 805 2410 ex
833 2347 891 2428 iis,
919 2366 1004 2431 ⁴quma
1032 2346 1072 2412 etl
1092 2364 1221 2412 versum

113 2469 359 2562 praecedentem
380 2468 572 2547 notavimus,
597 2468 744 2532 efficitur.
826 2510 829 2515 2

248 2586 277 2652 κ’
312 2585 374 2660 ἰδές
402 2609 436 2649 ro
465 2593 488 2653 i.
511 2611 539 2654 e.
566 2583 621 2651 καὶ
645 2582 691 2648 ἰδὲ
715 2582 801 2650 ue'ab.
852 2584 1025 2672 Reliquiae
1043 2598 1220 2661 -rerborum

114 2721 151 2782 in
174 2739 211 2796 μι
239 2714 454 2778 desinentium
481 2715 602 2795 paucae
632 2711 800 2772 admodum
829 2712 865 2772 in
893 2704 1081 2775 recentiore
1099 2717 1221 2796 graeci·

114 2849 184 2906 tate
208 2844 391 2912 servantum
414 2852 476 2914 quo
498 2832 602 2915 magis
625 2830 878 2913 mirandumne,
902 2833 946 2897 ibi
963 2834 1150 2918 quaudoque
1165 2833 1222 2900 hu·

109 2968 170 3048 jus
194 2960 360 3022 verborum
383 2954 563 3019 declinatus
584 2974 754 3041 superesse
777 2956 922 3040 vestigia,
945 2958 1000 3035 ubi
1020 2959 1084 3047 ipsi
1098 2973 1221 3037 veteres

115 3088 158 3150 ab
187 3105 226 3146 eo
249 3099 379 3168 prorsus
408 3099 443 3143 se
471 3079 665 3142 abstinuisse
691 3079 846 3143 videntur.
901 3080 1004 3144 Nemo
1029 3093 1114 3146 certe
1137 3084 1219 3149 auti·

116 3225 262 3290 quorum,
286 3202 368 3284 quod
390 3221 450 3264 nos
473 3200 598 3284 quidem
620 3202 770 3280 sciamus,
793 3193 856 3283 ibba
869 3222 928 3287 pro
946 3194 993 3262 iet
1016 3204 1108 3284 dixit,
1125 3225 1219 3271 nemo

116 3320 200 3398 einis
222 3345 280 3413 pro
303 3314 376 3402 cini,
399 3324 482 3407 qnod
505 3343 597 3388 versu
620 3325 717 3387 tertio
740 3324 868 3410 legitur.
921 3325 1113 3410 caeteroqui
1140 3328 1221 3392 illud

116 3474 163 3528 ro,
185 3450 268 3532 quod
291 3449 479 3534 imperativo
502 3444 556 3510 lric
578 3449 782 3531 subjungitur
810 3447 1088 3536 per,›.qphacresin
1115 3451 1222 3516 crtum

117 3583 231 3638 estex
255 3559 339 3630 obeb.
385 3572 491 3646 Quum
513 3568 592 3634 haec
615 3568 810 3656 aphaeresis,
833 3566 915 3654 quiae
936 3570 1002 3650 nou
1024 3567 1148 3638 nisil'n
1162 3593 1222 3638 eat

117 3697 208 3762 sibus
231 3692 368 3774 obliquis
391 3692 475 3775 sing.
499 3702 530 3785 et
551 3691 633 3778 plur.
658 3693 777 3757 usitata
799 3705 863 3773 cst,
887 3695 1077 3776 admittitur,
1100 3695 1222 3778 reliqna

118 3817 247 3900 syllaba
268 3814 481 3878 inclinatione
504 3833 693 3899 praegresso
715 3806 868 3880 vocabulo
893 3811 1083 3887 adnectitur·
1101 3852 1132 3869 a·
1216 3852 1220 3863 ·

254 3923 296 3995 ἂν
320 3927 425 4016 ὁρίσῃς
441 3933 470 3999 ei
487 3931 596 4021 jubeo,
619 3934 648 3998 si
671 3935 819 4023 imperas
835 3940 863 4000 i.
881 3959 907 4000 e.
932 3937 992 4002 hoe
1014 3940 1087 4003 loco
1109 3937 1139 4001 si
1161 3937 1222 4005 vis.

118 4062 171 4128 Cf.
197 4057 354 4144 Paraphr.
379 4079 458 4122 vers.
485 4055 559 4122 lat.
594 4057 784 4143 Hujusmodi
805 4061 921 4138 locum,
945 4064 999 4143 qui
1021 4061 1225 4142 antiquarunt

116 4184 194 4252 usui
222 4192 398 4268 repugnat,
429 4185 498 4262 jam
533 4202 575 4245 ex
608 4180 733 4246 Caelina
761 4183 802 4245 de
835 4180 928 4245 offic.
958 4182 1064 4259 Pelas
1097 4187 1173 4266 cap..
1194 4181 1224 4259 7?-
