2684 4740
1201 204 1248 276 69

142 402 243 468 ctera,
267 408 328 469 qua
356 389 589 451 substantivum
615 389 785 474 pluraliter
814 395 1019 456 enunciatum
1049 414 1120 460 cum
1147 401 1241 464 verbo

138 512 348 595 singulariter
378 531 529 595 expresso
556 515 722 595 jaangitur‚
749 515 846 599 plane
875 516 1027 580 abhorret
1048 537 1154 581 sermo
1176 517 1242 603 plc-

135 639 238 717 bejus,
261 635 309 697 ita
330 644 366 695 ut
387 623 427 690 rol
447 623 568 710 pirena
589 636 628 696 ad
652 628 770 715 picem
794 639 907 700 referri
929 650 1074 719 nequeat.
1112 639 1239 706 Deinde

136 767 274 832 constat,
299 755 387 818 illius
410 758 526 819 aetatis
548 759 722 844 scriptores
745 762 1016 844 praepositionem
1044 756 1080 820 ἐκ
1103 764 1236 827 barbare

133 901 206 942 cum
235 879 415 941 accusativo
444 879 628 964 plerumque
651 884 884 958 construxisse,
908 883 991 963 quod
1012 886 1169 946 sermonis
1191 886 1235 948 vi.

132 1003 214 1065 tium
245 1001 361 1064 Graeci
388 1002 429 1064 ad
463 1003 628 1082 antiquam
653 1002 719 1065 -lrac
748 1006 783 1066 in
811 1024 846 1064 rc
872 1009 1057 1084 Juncturam
1084 1008 1233 1087 regressi,

129 1142 221 1184 nunc
243 1123 373 1186 evitant.
423 1124 575 1206 Ejusdem
592 1124 753 1203 >loquendi
780 1127 908 1206 generis
937 1126 1025 1187 inira
1052 1127 1233 1210 exemplum

129 1256 182 1307 est
210 1243 398 1320 vers.125;
435 1264 532 1327 porro
561 1246 646 1328 apud
673 1245 880 1309 Theodorum.
903 1247 1113 1322 Prodromum
1140 1248 1234 1313 lib.I

129 1385 215 1427 vers·
247 1360 308 1426 tlt
337 1359 374 1423 ἐκ
395 1351 615 1444 riv'srappov,
643 1368 697 1429 ubi
726 1366 846 1431 Corace
867 1368 990 1432 similes
1012 1368 1100 1432 locos
1128 1371 1230 1448 effert,

128 1488 343 1562 eramohrem
367 1507 476 1548 versus
498 1500 610 1550 noster
631 1490 678 1551 sic
702 1493 930 1554 convertendus
953 1503 1017 1565 est:
1046 1510 1094 1554 ex
1115 1512 1231 1578 aquae

125 1606 239 1672 herbis
258 1602 305 1693 fit
327 1605 522 1670 alimonium
544 1618 644 1673 tuum.
690 1613 783 1686 Quae
806 1613 882 1675 licet
896 1615 944 1677 ita
959 1634 995 1675 se
1012 1611 1162 1695 habeant,
1183 1627 1247 1680 ta·
1296 1579 1299 1584 Ι

124 1753 200 1795 men
222 1750 289 1793 non
304 1734 496 1812 'negauerim
519 1733 644 1793 chum
671 1737 800 1813 ejusque
829 1735 977 1813 aequales
1005 1735 1228 1800 inconstantes

125 1851 224 1917 inisse
252 1855 288 1915 in
314 1873 374 1915 usu
401 1851 498 1934 hujus
526 1855 785 1939 praepositionis.
835 1854 921 1917 Nam
949 1854 1034 1916 inira
1063 1877 1156 1920 versu
1184 1856 1226 1922 74

125 1978 285 2060 genitivus
309 1977 339 2038 ci
362 1976 530 2058 adjunctus
553 1976 672 2057 legitur
696 1971 732 2035 ἐκ
747 1967 939 2056 τῆς”[νδιας;
961 1995 1057 2060 porro
1074 1992 1168 2044 versut
1185 1977 1228 2041 76

124 2095 161 2159 ἐκ
183 2094 238 2158 τοῦ
259 2091 406 2176 πολέμου.
453 2097 668 2178 caeteroquin
685 2098 730 2159 ele
758 2118 834 2160 voce
855 2089 889 2156 rit
913 2086 1047 2173 pireaeo
1075 2098 1116 2160 ad
1145 2118 1225 2161 verS.

121 2220 199 2284 258.
224 2222 287 2302 egi.
311 2253 354 2267 -
376 2220 524 2299 Denique
546 2201 646 2297 oeqdc,
669 2219 752 2299 quod
774 2220 859 2281 sicut
880 2208 974 2297 νηρὸν
996 2229 1029 2280 et
1050 2207 1148 2296 ναρὸν
1161 2220 1226 2302 pri-

76 2403 80 2407 .
121 2344 221 2405 mitus
244 2341 435 2423 adjectivum
457 2341 581 2403 videtur
600 2342 713 2420 luisse,
743 2352 855 2404 natum
883 2362 924 2404 cx
952 2332 1020 2399 νάω
1044 2337 1115 2423 fluo
1145 2341 1225 2404 desi-

76 2544 79 2552 ·
121 2466 317 2547 signansque
339 2463 423 2526 idem
446 2465 530 2545 quod
551 2452 659 2544 ὑγρὸν,
682 2484 769 2527 uurrc
791 2464 876 2549 apud
892 2463 1032 2527 Graecos
1049 2464 1224 2548 semperin

119 2608 181 2650 usu
203 2597 253 2649 cst
273 2606 332 2671 pro
354 2575 445 2663 ὕδωρ.
490 2583 575 2648 Vide
597 2587 775 2650 Auctorem
795 2585 1011 2665 Etymologici
1025 2607 1050 2648 s.
1066 2605 1094 2646 v.
1115 2576 1223 2664 ναρόν,

120 2706 319 2788 Hesychium
342 2709 399 2768 snb
423 2706 535 2766 eadem
555 2724 632 2767 voce
663 2715 695 2765 et
723 2705 770 2765 ibi
797 2703 977 2764 Albertum.
1027 2704 1120 2766 Adde
1149 2702 1236 2766 Sal.-

119 2850 201 2893 mas.
226 2827 267 2889 ad
290 2824 427 2887 Trebell.
450 2823 535 2886 Poll.
558 2844 589 2908 p.
613 2820 675 2887 311
701 2823 760 2901 (T.
777 2820 821 2883 II.
844 2821 884 2886 Η.
905 2822 948 2885 Α.
971 2842 1002 2906 p.
1019 2818 1103 2901 303)
1123 2824 1222 2902 ejusd.
1331 2909 1333 2918 .

120 2949 297 3014 Exercitat.
320 2949 357 3009 in
381 2947 417 3010 C.
440 2946 472 3008 J.
496 2943 606 3010 Solini
627 2943 835 3025 Polylristora
856 2965 887 3028 p.
913 2944 976 3007 777
1000 2946 1029 3008 b.
1053 2955 1085 3007 et
1105 2964 1136 3029 p.
1156 2941 1221 3008 916

118 3096 147 3138 a.
172 3084 205 3135 et
227 3073 256 3134 si
278 3072 327 3133 vis
348 3091 379 3156 p.
406 3067 506 3147 12983
533 3089 630 3153 porro
654 3068 733 3130 Bod.
763 3087 782 3129 a
805 3063 920 3151 Stapel
941 3068 982 3132 ad
1005 3065 1220 3151 Theophrast.
1244 3119 1248 3124 ,

117 3195 158 3259 Η.
189 3194 239 3258 Pl.
267 3193 333 3272 IV,
365 3189 404 3254 12
433 3215 463 3277 p.
488 3188 553 3254 484
582 3194 640 3277 sub
661 3190 716 3254 fin.
744 3199 778 3252 et
800 3185 864 3252 485
888 3209 916 3250 a.
970 3188 1020 3268 Cf.
1049 3198 1081 3248 et
1104 3187 1218 3249 Corais

115 3310 235 3376 Ἀτακτ.
262 3315 299 3379 Τ.
321 3314 372 3377 IV
398 3335 472 3398 pag.
503 3311 567 3376 349
595 3323 627 3375 et
653 3313 790 3375 Meursii
819 3309 962 3372 Glossar.
984 3308 1218 3373 Graecobarlre-

117 3457 188 3500 rum
217 3457 243 3499 s.
272 3434 305 3498 h.
332 3457 365 3520 ¹v.
395 3438 528 3518 denique
556 3434 721 3516 Ducangii
749 3432 891 3496 Glossar.
915 3431 997 3492 med.
1026 3441 1058 3491 ct
1080 3430 1137 3490 inl.
1161 3426 1215 3488 Gr.
1279 3463 1281 3465 -

117 3560 207 3623 Tom.
231 3558 249 3621 Ι
270 3580 302 3642 p.
326 3556 389 3620 991
418 3578 503 3639 seqq.
527 3570 559 3621 et
582 3557 686 3620 Gloss.
715 3555 796 3619 med.
827 3564 859 3616 ct
880 3554 938 3616 inf.
960 3551 1032 3615 Lat.
1056 3553 1091 3613 in
1112 3545 1214 3613 Nero

250 3679 292 3741 V.
318 3677 371 3742 61.
416 3672 465 3736 ἀπ’
489 3668 715 3765 ilcu'plelth'us
738 3698 842 3739 sermo
873 3685 1006 3759 usurpat
1032 3693 1091 3759 pro
1114 3661 1216 3730 iudea

119 3803 170 3867 vel
199 3801 306 3886 potius
341 3821 399 3885 pro
430 3792 522 3858 ὁποῖα
555 3802 705 3881 antiquae
740 3796 934 3880 graecitatis.
991 3796 1094 3857 Hodie
1128 3780 1244 3869 vero,'

116 3944 214 4006 quum
237 3912 437 3995 ὁποιαδῆποτε
463 3921 645 3998 invaluerit,
671 3923 705 3982 in
721 3920 831 4003 paucis
852 3917 955 3979 adhuc
974 3916 1128 3977 Graeciae
1143 3933 1214 3997 pro-

113 4045 232 4110 vinciis
254 4044 381 4107 auditur
403 4036 453 4101 ciu’
475 4032 541 4101 ὅσα
563 4042 612 4104 vel
634 4032 750 4100 cirico.
802 4031 915 4098 Obiter
943 4057 1074 4111 moneo,
1098 4037 1133 4096 in
1155 4031 1217 4094 hac

115 4166 270 4242 dictione,
293 4168 387 4233 utin
410 4164 521 4227 multis
545 4163 634 4239 aliis,
658 4162 800 4223 litteram
823 4170 948 4220 tenuem
973 4154 1047 4217 anie
1068 4153 1217 4243 spiritum
