2684 4740
189 233 325 286 aarum
672 288 675 295 ,
1105 310 1109 314 ἦ
1334 206 1336 333 J

192 413 265 478 tatu
290 409 376 478 sunt
399 400 438 474 in
460 397 592 477 Millini
621 397 760 474 Horrea
790 392 1164 496 Encyclopacdeutico
1199 391 1298 488 (Ma
1328 368 1336 505 ΙΙ

193 535 294 635 gasin
317 529 656 632 Euryclopedique)
680 531 725 605 A.
752 529 847 602 1816
873 526 975 602 Toni.
1000 525 1018 599 Ι
1042 553 1076 624 p.
1102 525 1149 602 94
1177 535 1217 600 et
1242 526 1298 625 95,

191 665 253 737 ubi
277 663 383 738 simul
408 662 454 736 de
478 662 618 762 liuguae
643 685 790 761 graecae
814 657 1025 734 recentioris
1049 656 1087 728 in
1112 655 1299 731 conferen-

193 794 248 869 dis
275 784 459 870 &uicibus
489 819 597 869 manu
628 792 780 895 exaratis
817 788 970 866 utilitate
1002 787 1158 863 disserit
1214 787 1298 878 Etis,
1334 808 1336 817 ·

193 952 285 1025 quae
309 927 360 1000 ibi
384 925 478 1000 dicta
503 935 598 1016 sunt,
621 923 692 999 hoc
717 922 828 998 addo:
856 920 1023 1022 quoniam
1047 929 1212 995 veterum
1230 920 1298 993 dia·
1333 960 1336 1031 3

191 1056 365 1132 tectorum
390 1057 617 1135 diversitates
643 1055 761 1155 aliqua
785 1079 829 1130 ex
847 1063 949 1154 parte
968 1078 989 1126 e
1007 1052 1298 1144 membranarum,

191 1187 464 1290 inscriptionum
489 1215 531 1264 ac
555 1187 739 1265 titulorum
765 1185 940 1286 scriptura
965 1182 1134 1284 pendent,
1166 1181 1213 1257 de
1245 1183 1298 1259 his

193 1344 339 1418 quoque
362 1320 489 1394 melius
515 1317 716 1419 aliquando,
743 1346 850 1418 quam
876 1316 992 1391 adhuc
1015 1314 1149 1389 sactum
1176 1325 1252 1406 est,
1281 1343 1299 1389 a

190 1448 278 1526 viris
303 1448 420 1524 doctis
444 1447 637 1551 judicatum
661 1449 715 1538 iri,
741 1450 773 1522 si
797 1447 1298 1549 pronuntiationemReuctrli·

190 1579 333 1653 nianam
363 1589 558 1680 sequentes
589 1605 686 1653 mera
718 1580 916 1679 scripturae
950 1577 1078 1661 menda
1103 1603 1169 1678 pro
1192 1577 1299 1653 diale-

191 1719 330 1785 ctorum
354 1709 618 1786 discriminibus
643 1709 775 1784 habere
800 1710 982 1799 desierint,
1007 1709 1044 1782 in
1070 1735 1179 1808 quem
1206 1737 1300 1785 erro·

190 1860 277 1931 rem,
301 1841 456 1916 utalios
482 1841 651 1931 omittam,
685 1841 847 1915 Sturzius
879 1839 1004 1914 incidit
1035 1840 1072 1912 in
1102 1839 1224 1915 libello
1257 1841 1299 1917 de

191 1968 343 2045 dialecto
354 1970 589 2048 Macedonica
611 1980 648 2045 et
659 1970 908 2046 Alexandrina.
939 2008 986 2029 --
1012 1969 1130 2047 Venio
1145 1973 1298 2047 nuncad

188 2101 323 2201 Lexica
349 2112 386 2177 et
411 2102 669 2179 Grammaticus
694 2100 1015 2205 tinguaeGraecae
1039 2101 1204 2202 vulgaris.
1228 2104 1299 2178 Le-

188 2234 294 2307 xicun
318 2232 425 2332 hujus
448 2233 590 2336 linguae
614 2233 875 2338 philologorum
893 2235 975 2308 usui
994 2233 1296 2308 accommodatum

190 2388 241 2452 ea,
267 2390 338 2462 qua
361 2391 427 2462 par
451 2374 517 2452 est
544 2363 735 2463 diligentia,
760 2367 970 2464 sagacitate,
1002 2363 1203 2439 eruditione
1235 2365 1299 2465 qui

169 2492 400 2581 condiderit,
423 2493 602 2565 neminem
626 2491 744 2567 adhuc
770 2494 954 2570 exstitisse
978 2496 1206 2573 vehementer
1231 2495 1299 2570 do-

187 2622 313 2696 lemus.
362 2624 486 2723 Atque
510 2634 553 2699 ut
577 2623 622 2700 de
645 2626 905 2727 antiquioribus
923 2636 1060 2701 taceam
1072 2628 1153 2704 Joh.
1172 2626 1299 2703 Meur-

158 2838 165 2851 ⁸
188 2756 234 2830 sii
259 2764 297 2831 et
320 2753 498 2832 Gerasimi
522 2754 651 2847 Vlachi
668 2757 863 2835 Glossariis
880 2759 1191 2849 Graecobarbaris,
1208 2786 1297 2858 quo·

186 2914 266 2962 rum
290 2885 378 2963 ittud
402 2887 547 2984 saepius
580 2887 722 2961 saeculo
754 2893 906 2988 septimo
937 2892 1076 2965 decimo
1108 2894 1205 2991 typis
1239 2917 1298 2965 ex·

188 3035 313 3088 cusum
339 3021 413 3100 est,
437 3013 507 3084 hoc
536 3011 701 3086 Venetiis
725 3007 816 3087 “cum
846 3018 1141 3116 interpretatione
1172 3022 1296 3097 Italica

188 3154 227 3217 et
250 3142 380 3215 Latina
405 3164 497 3213 anuo
526 3141 619 3215 1658
644 3141 787 3243 prodiit,
813 3145 851 3218 in
869 3147 1000 3246 quibus
1018 3149 1167 3250 exiguus
1186 3155 1297 3228 modo

186 3270 439 3349 vocabulorum
457 3296 626 3349 numerus
645 3275 847 3375 exponitur:
865 3304 912 3351 ne
930 3280 1130 3377 posteriora
1149 3282 1298 3378 quidem

187 3402 298 3478 lexica
324 3412 362 3479 et
386 3403 556 3505 glossaria
582 3407 747 3507 cuiquam
771 3406 879 3483 hodie
904 3408 1108 3484 satisfacere
1124 3422 1296 3510 possunt.

186 3534 281 3609 Nam
313 3537 375 3634 qui
408 3534 639 3637 quadraginta
670 3564 736 3639 per
766 3565 878 3614 annos
910 3539 977 3614 sub
1008 3539 1116 3614 finem
1146 3541 1297 3639 septimi

187 3665 313 3739 decimi
338 3641 470 3741 saeculi
499 3666 537 3741 iu
568 3668 719 3744 Graecia
751 3682 989 3748 commoratus
1023 3683 1080 3747 est
1110 3672 1294 3750 Romanae

187 3798 358 3872 eeclesiae
390 3798 558 3885 sacerdos
589 3799 737 3876 Alexius
763 3802 976 3895 Somavera,
1006 3804 1037 3878 is
1067 3803 1152 3878 licet
1181 3804 1292 3881 multa

185 3930 438 4004 vocabulorum
459 3931 567 4007 millia
582 3932 619 4005 in
635 3931 774 4008 lexicon
791 3961 896 4011 suum
915 3918 1147 4038 congesserit,
1172 3945 1293 4012 tamen

185 4071 227 4135 ut
251 4062 418 4162 antiquae
450 4062 663 4140 Graecitatis
695 4092 822 4167 expers
854 4079 893 4142 et
923 4068 1197 4170 orthographiae
1227 4070 1292 4145 im-

184 4193 324 4293 peritus
349 4193 474 4286 verba,
499 4223 591 4307 quae
622 4196 817 4286 audiveram
846 4226 964 4298 neque
1002 4209 1101 4275 recte
1132 4202 1291 4279 scribere
