2684 4740
124 202 192 275 lio

120 398 200 459 ὃουυ
221 392 289 455 cdiv
317 387 464 466 ε’πιοηιῶν
492 383 547 451 διὰ
568 384 694 472 ὀζοῧρα,
718 390 896 477 posteriore
919 403 1026 455 autem
1050 389 1147 456 haee:
1175 384 1228 453 xci

120 512 223 591 &idere
244 515 322 579 ἰδεῖν
342 505 475 584 πολλοὺς
497 504 666 584 πλουσίους
684 507 764 574 ducii
791 505 901 573 didoum
928 511 990 573 τῶν
1016 514 1153 588 πτωχῶν
1178 499 1227 575 ord

121 637 177 719 τὴν
198 635 344 720 circique.
392 638 559 714 Quomodo
581 637 672 723 prior
694 636 783 700 locus
806 656 848 698 ex
870 639 1049 720 posteriore
1065 641 1227 722 corrigen.

122 765 181 827 dus
204 765 259 843 sit,
282 759 378 824 facile
401 759 603 841 intelligitur.
654 760 764 835 Quare
786 759 918 840 reliquis
941 761 1069 822 mendis
1093 773 1127 824 et
1148 761 1225 825 fflud

122 884 396 950 adnumerandum
420 901 547 961 censeo,
570 881 653 963 quod
674 881 746 945 illic
767 874 885 961 ὀζοῦρα
906 902 966 968 pro
988 875 1130 962 οὐζοῢρα
1151 885 1224 948 sori.

122 1021 211 1094 ptum
235 1019 348 1069 exstat.
373 1040 415 1050 -
438 994 482 1062 vd
503 993 650 1083 πλερώσω
677 1008 762 1100 conj.
792 1024 859 1068 aor.
888 1015 950 1068 aot.
975 1006 1065 1068 vorbi
1093 996 1225 1086 πλερόνω

123 1153 165 1193 ex
192 1130 325 1209 antiquo
352 1114 474 1205 πληρόω
502 1127 678 1190 derivandi.
735 1125 806 1191 Hoc
832 1112 970 1207 πλερόνω
998 1127 1035 1190 in
1061 1129 1224 1192 inferioris

122 1254 194 1316 aevi
216 1251 392 1334 graecitate
410 1245 590 1335 pecuniam
614 1246 784 1330 solvendi,
803 1246 1038 1335 persolvendi,
1056 1247 1222 1335 pendendi

121 1376 288 1438 ndtionem
310 1371 417 1451 habet,
441 1369 541 1453 aquo
556 1372 713 1454 distingui
736 1383 862 1459 oportet
881 1361 1033 1453 πληρόνω,
1056 1375 1092 1436 id
1108 1384 1158 1437 est
1171 1371 1223 1437 im-

117 1494 209 1585 pleo.
243 1491 324 1576 Ejus
346 1493 542 1557 discriminis
564 1495 714 1576 ignarum
736 1495 835 1558 fuisso
851 1494 1058 1578 Ducangium
1076 1497 1221 1577 videmur,

121 1620 177 1700 qui
200 1637 280 1698 quae
302 1615 413 1707 attulit
434 1636 461 1677 s.
484 1634 513 1676 v.
535 1603 704 1694 πληρῶνειν
724 1615 848 1696 (scribe
863 1605 1046 1697 πληρόνειν)
1070 1619 1220 1707 exempla,

121 1762 161 1804 ea
184 1741 294 1803 omnia
316 1738 358 1802 ad
379 1726 537 1817 πλερόιιειν
558 1739 725 1802 referenda
746 1750 832 1803 sunt.
877 1738 949 1802 Etsi
963 1741 1052 1803 enim
1068 1762 1142 1804 cum
1155 1743 1220 1815 ulu-

121 1854 203 1945 ρόυῳ
230 1874 262 1925 et
288 1848 425 1941 πλερὸνω
453 1860 592 1941 notavit,
621 1870 729 1924 tamen
751 1862 932 1949 promiscue
954 1882 994 1928 eu
1016 1866 1117 1929 verba
1137 1863 1223 1928 adhi-

121 1986 190 2049 beri
213 1985 364 2070 opinatus
386 1994 445 2046 est.

162 2118 166 2125 ’
252 2105 296 2168 V.
319 2103 395 2170 315.
441 2093 580 2164 ἐκάκισα
598 2123 667 2170 ιιοιι
689 2118 738 2170 est
758 2103 916 2180 insector,
938 2119 974 2172 ut
991 2106 1127 2173 Crusius
1149 2109 1223 2191 vult,

122 2228 179 2294 sed
205 2225 370 2314 vitupero.
408 2263 450 2278 -
490 2214 556 2301 icco
583 2217 654 2299 τοὺς
676 2219 800 2309 {proici
824 2225 1039 2292 inimicitiam
1064 2230 1224 2296 adversus

121 2372 183 2414 eus
202 2372 295 2437 gero.
348 2350 482 2415 Ceresius
508 2371 639 2413 sensum
668 2352 887 2415 tantummodo
909 2352 1066 2434 reddidit,
1090 2357 1137 2418 sie
1157 2375 1222 2418 ver·

122 2487 208 2538 tens:
231 2471 279 2536 eir
302 2468 442 2534 inimica
469 2490 551 2533 curn.
601 2471 643 2533 In
670 2470 723 2536 his
752 2474 857 2536 verbis
885 2467 1004 2555 ἕχῇρία
1031 2498 1095 2563 pro
1120 2464 1220 2559 ἴκὲρα

120 2598 291 2662 barbarum
313 2605 363 2657 est
385 2605 479 2677 atque
501 2591 596 2658 hodie
619 2614 686 2659 non
708 2595 847 2682 amplius
869 2599 1032 2661 usitatum.

252 2715 295 2780 V.
318 2713 393 2780 317.
437 2706 525 2778 καλοὶ
541 2706 600 2775 καί
614 2716 781 2802 qrcamvis,
797 2737 1015 2804 qreamquum,
1030 2717 1123 2786 licet.
1150 2721 1222 2786 Vid.

122 2860 203 2920 quae
224 2840 405 2903 notavimus
433 2840 576 2901 advers.
600 2837 676 2903 213.
715 2873 759 2889 -
795 2833 969 2921 ὀργίσιηκα
990 2843 1136 2926 vulgaris
1157 2865 1222 2911 aor.

121 2981 205 3046 pass.
230 2960 319 3023 verbi
340 2951 456 3037 ὀργίςω
478 2978 536 3042 pro
559 2952 731 3039 ὧργίσβην.
753 2996 797 3009 -
818 2949 847 3021 ὦ
866 2955 927 3023 Δία
949 2965 988 3026 cs.
1011 2986 1093 3029 vers.
1117 2965 1193 3034 279.

137 3119 141 3125 .
253 3076 296 3138 V.
317 3075 393 3142 318.
438 3068 610 3158 βορὲάκωυ
637 3083 733 3146 metri
761 3103 858 3151 causa
886 3106 945 3173 pro
972 3087 1157 3169 emenone.
1183 3124 1223 3138 -

121 3189 250 3280 καμμία
272 3201 413 3288 explicui
434 3202 474 3267 ad
497 3221 579 3265 vers.
602 3200 657 3267 57.

150 3359 154 3364 ·
252 3321 294 3391 V.
303 3321 392 3388 ''319.
435 3309 594 3406 immoror
609 3330 789 3393 recentiore
803 3328 993 3413 significatu
1012 3343 1061 3396 est
1079 3330 1223 3412 demens,

119 3440 278 3520 stolidus,
304 3442 585 3532 inconsidesatuc.
640 3448 739 3536 Apud
760 3449 956 3534 Hesychium
978 3454 1101 3538 legitur
1120 3450 1223 3521 duode'-

119 3586 231 3646 στεροι,
252 3555 421 3650 ἄγνωστοι,
444 3569 528 3650 quod
549 3587 644 3634 nemo
666 3575 737 3655 ejus
758 3574 970 3661 interpretum
991 3581 1147 3666 percepit
1177 3581 1223 3648 At

118 3686 206 3751 nihil
234 3699 331 3776 captu
357 3689 495 3754 facilius.
546 3691 792 3775 corrigendum,
814 3706 851 3759 ut
866 3698 938 3784 jam
960 3701 1143 3770 observavit
1167 3702 1221 3767 Co

119 3827 192 3871 raes
216 3809 262 3875 ,in
294 3807 582 3893 Γλωσσογραφικῆς
613 3802 689 3888 ὕλης
718 3807 848 3896 ὃοκιμίῳ
881 3839 954 3904 pag.
988 3819 1031 3885 10
1066 3823 1164 3888 Tum.
1191 3822 1222 3889 ll

116 3919 239 3990 ’urm
261 3920 469 4012 ὀιιωδέσιεροι,
489 3934 538 3997 itu
559 3946 594 3998 ut
609 3936 655 3998 sit
672 3939 907 4023 comparativus
921 3941 1073 4026 adjectivi
1090 3936 1221 4028 druidum

116 4033 275 4131 ἄγνωστοι
302 4064 409 4118 autem
424 4049 599 4136 noyento
626 4066 702 4119 sunt
728 4055 905 4125 dementes.
950 4062 1064 4145 Itaque
1087 4090 1146 4132 eos
1169 4069 1222 4151 qui

115 4157 228 4238 mente
243 4157 346 4242 esurie
368 4194 463 4261 quem
484 4174 668 4249 homnibus
689 4179 864 4250 similiores
879 4197 967 4254 ¹aum
993 4177 1088 4267 (rode
1109 4182 1222 4253 ὀνωδε.
