2684 4740
1026 296 1031 305 Ι
1159 222 1218 275 xm

113 397 200 472 laris
230 395 370 497 linguae
402 419 549 494 graecae
583 393 800 493 composuit,
833 390 899 469 fuit
924 364 1048 468 Simon
1071 392 1216 471 Portius

114 527 311 603 Cretensis.
372 526 484 615 Hanc,
518 551 609 623 quae
643 523 732 600 levis
769 534 906 598 tantum
943 527 1120 599 momenti·
1151 535 1218 617 est,

113 658 324 760 Ducangius
362 656 546 732 Glossario
588 683 654 731 suo
692 654 883 755 praemisit.
937 656 1110 755 Ejusdem
1140 656 1217 732 lere

113 801 221 865 notae
246 799 330 864 sunt
353 789 591 889 posteriorum
616 787 935 863 Grammaticorum
965 789 1216 880 commentarii,

115 923 177 1021 qui
202 931 344 1021 praeter
367 921 465 1012 salsa,
491 945 582 1020 quae
603 910 764 1009 tradunt,
799 919 989 994 obscuram
1012 920 1120 995 modo
1152 920 1217 994 lin-

113 1078 206 1152 guae
231 1052 337 1152 hujus
363 1052 550 1151 imaginem
573 1052 757 1153 praebent.
810 1049 978 1149 Namque
1009 1076 1131 1125 eorum
1156 1078 1216 1126 au·

114 1195 234 1258 ctores
261 1209 306 1258 ex
330 1184 464 1284 paucis,
490 1173 582 1282 q'uos
598 1181 768 1280 legerant,
791 1180 891 1254 libris
910 1180 980 1253 boc
995 1181 1092 1281 vulgi
1107 1181 1219 1257 Grae·

116 1340 240 1388 corum
278 1339 443 1387 sermone
481 1311 651 1386 conlectis
694 1310 965 1385 Grammaticam
1006 1312 1219 1388 concinnare
1253 1316 1259 1321 ’

113 1444 195 1520 ausi
219 1454 311 1519 sunt.
360 1443 450 1518 Inde
485 1443 617 1517 sactum
654 1452 726 1531 est,
760 1451 800 1515 ut
835 1441 874 1516 bi
906 1441 1016 1517 libelli
1047 1443 1218 1519 obessent

112 1575 227 1676 magis
258 1574 468 1664 lectoribus,
500 1586 606 1675 quem
637 1572 861 1674 prodessent.
918 1573 1019 1648 Talia
1049 1585 1134 1649 sunt
1158 1545 1216 1650 illa

118 1704 375 1781 Tribbecltooii
399 1706 519 1782 brevia
544 1705 683 1805 linguae
710 1731 855 1805 graecae
871 1704 1025 1805 vulgaris
1042 1705 1216 1781 elementa

113 1839 227 1914 Jenae
256 1840 347 1911 1705
373 1837 468 1936 typis
495 1836 682 1935 descripta.
729 1835 827 1910 Talis
846 1845 883 1909 et
898 1835 979 1910 Joh.
998 1830 1108 1911 Mich.
1124 1836 1218 1911 Lan-

115 1970 164 2072 gii
189 1967 385 2068 Pb‘ilologia
410 1967 695 2066 Barbarograeca
717 1952 940 2067 Noribergae
971 1978 1008 2042 et
1032 1968 1161 2043 Alterli
1186 1997 1215 2043 a.

117 2104 211 2174 1707
237 2111 275 2174 et
300 2102 404 2189 1708,
429 2103 451 2168 2
476 2108 560 2172 tom.
587 2098 620 2169 4.
647 2097 750 2172 edita.
800 2098 959 2196 Longius
986 2124 1030 2170 cx
1042 2097 1218 2174 Demetrii

99 2231 207 2307 'Zeni
222 2230 361 2329 vulgari
376 2225 794 2338 Batrachomyomachiae
810 2227 1018 2327 paraphrasi
1035 2239 1219 2330 utcunque

113 2360 295 2437 intellecta
320 2369 428 2459 atque
452 2384 472 2430 e
491 2357 718 2432 translatione
742 2359 827 2437 novi
850 2361 1057 2435 testamenti
1080 2361 1116 2434 in
1140 2390 1219 2440 ver-

113 2492 278 2568 naculam
313 2491 530 2566 Graecorum
566 2489 721 2590 linguam
752 2519 772 2565 a
802 2491 961 2568 Maximo
994 2493 1217 2595 Calliupolite

114 2627 216 2715 lacta,
235 2650 333 2724 ¹quae
359 2634 451 2696 anno
479 2624 572 2694 1638
598 2622 774 2695 sumtibus
802 2621 980 2696 Ordinum
1005 2622 1120 2722 Belgii
1144 2625 1218 2701 soe-

114 2756 230 2831 ‹lerati
255 2779 384 2826 excusa
410 2762 476 2839 est,
503 2750 763 2850 grammaticam
787 2753 943 2823 recentis
961 2751 1101 2848 linguae
1121 2780 1220 2852 grae-

116 2913 181 2960 cae
207 2908 419 2984 componere
444 2906 516 2954 non
542 2879 723 2955 dubitavit.
779 2878 906 2979 Qualis
938 2880 1047 2982 igitur
1077 2885 1154 2982 ejus
1179 2884 1220 2959 li-

114 3021 181 3093 ber
206 3016 262 3107 sit,
287 3015 382 3089 baud
407 3011 548 3087 difficile
574 3011 733 3087 divinata
758 3021 823 3086 est.
872 3010 1049 3088 Nimirum
1077 3017 1218 3095 mendis

116 3150 232 3225 omnis
266 3148 406 3250 generis
441 3143 608 3219 abundat.
666 3143 828 3218 Fuerunt
852 3152 889 3217 et
913 3145 1118 3224 sacerdotes
1144 3150 1218 3225 Ro-

116 3280 223 3375 mani,
237 3281 298 3380 qui
322 3281 359 3352 in
383 3275 588 3377 hujusmodi
614 3274 794 3375 opusculis
817 3277 1083 3354 conscribendis
1099 3306 1219 3357 versa-

116 3423 250 3487 rentur.
305 3411 348 3484 In
379 3437 500 3485 eorum
531 3434 679 3483 numero
712 3417 768 3482 est
797 3407 840 3480 P.
870 3405 1086 3498 Merendae,
1117 3415 1218 3510 cujus

116 3543 365 3619 Institutiones
402 3542 542 3644 linguae
580 3540 738 3614 Graecae
769 3538 923 3639 vulgaris
954 3539 1092 3613 Romae
1124 3545 1219 3618 1732

116 3677 232 3752 lucem
256 3673 432 3751 viderunt.
481 3674 643 3772 Scriptor
665 3670 822 3745 libellum
848 3696 950 3745 suum
974 3668 1111 3749 Mariae
1132 3674 1219 3750 Dei-

117 3814 232 3908 parae'
249 3805 433 3885 dedicavit.
484 3800 628 3879 Etenim
660 3804 902 3903 superioribus
936 3804 1086 3879 sacculis
1118 3808 1220 3883 multi

120 3939 291 4014 ecclesiae
327 3939 509 4013 Romanae
547 3937 752 4011 sacerdotes
784 3935 821 4008 in
852 3911 1038 4009 Graeeiam
1068 3940 1219 4015 subinde

118 4069 444 4173 proficiscebantur,
470 4079 663 4158 camerate,
688 4078 728 4141 ut
753 4068 912 4142 Graecos
936 4067 1042 4142 minis
1073 4094 1114 4143 ae
1145 4070 1220 4168 pol-

117 4203 372 4281 licitationibus
396 4199 566 4278 lormulae
589 4200 771 4276 Romanae
796 4223 837 4272 se
862 4197 1026 4273 addicere
1051 4209 1159 4298 atque
1183 4201 1221 4272 in

449 4476 452 4485 ι
