2684 4740
191 246 302 309 xxxiv

196 417 353 520 singulae
378 413 599 515 provinciae,
630 409 827 484 sedetiam
858 404 1073 507 singularum
1104 404 1304 505 provincia-

195 574 275 627 rum
299 556 422 650 partes
446 542 735 646 pronuntiatione
759 539 933 613 differant.
988 538 1105 611 Tanta
1138 537 1304 612 nimirum

196 680 378 757 hominum
403 677 602 776 perlatum
627 685 800 749 terrarum
825 671 949 744 orbem
985 667 1222 743 habitantium
1258 667 1306 743 di-

198 812 351 893 versitas
377 818 443 899 est,
469 817 509 882 ut
533 807 636 906 pauci
660 814 799 880 tantum
824 801 1051 879 inveniantur
1076 809 1114 874 et
1129 801 1305 902 ingeniosi

200 954 239 1019 et
261 941 453 1044 praecipue
477 937 522 1012 nd
546 934 638 1012 hunc
661 960 737 1010 rem
763 945 925 1018 anatura
941 931 1035 1021 iacti,
1060 931 1122 1031 qui
1137 932 1221 1037 viva
1238 959 1306 1007 ma-

202 1070 306 1175 gistri
330 1095 420 1148 voce
446 1069 563 1143 edocti
593 1070 642 1142 ita
667 1068 933 1167 peregrinarum
968 1062 1167 1164 linguarum
1199 1089 1305 1159 sonos

202 1203 332 1280 imitari
357 1203 481 1290 sciant,
507 1208 548 1273 ut
572 1199 715 1273 difficile
740 1199 789 1273 sit
813 1221 876 1273 ees
908 1197 952 1269 ab
976 1195 1154 1295 indigenis
1186 1196 1306 1272 distin

202 1360 322 1438 gnere.
370 1332 477 1431 Quae
503 1350 613 1430 quum
636 1331 687 1405 ita
712 1326 794 1419 sint,
819 1328 914 1402 nulla
939 1328 1036 1402 salus
1070 1329 1223 1428 antique
1247 1329 1306 1402 lin-

202 1492 294 1567 gnae
317 1461 478 1540 Graecae
502 1461 746 1563 prenuntiatui
762 1485 805 1534 ex
820 1460 930 1534 latine
949 1484 1115 1534 sermone
1133 1459 1306 1559 speranda

203 1607 273 1687 est,
296 1597 397 1694 cujus
423 1593 639 1693 singularum
663 1592 859 1667 litterarum
884 1591 1036 1692 prelatio
1054 1600 1092 1665 et
1106 1591 1231 1692 ignota
1249 1592 1307 1665 he

204 1727 263 1801 die
288 1737 326 1800 et
349 1727 497 1826 antirpre
522 1746 609 1800 nevo
634 1726 703 1820 jam
729 1722 795 1796 alia
819 1722 898 1796 aliis
922 1722 1010 1796 locis
1029 1720 1173 1797 videtur
1190 1720 1306 1800 fuisse.

204 1857 261 1931 Ac
284 1856 445 1957 profecto
471 1877 711 1954 supervacuae
735 1852 826 1928 tales
852 1862 936 1926 sunt
952 1858 1194 1950 quaestiones,
1217 1856 1251 1930 si
1267 1842 1328 1928 de'

206 2010 333 2087 graeco
346 1964 510 2062 sermone
523 1984 648 2087 agitur,
656 1987 757 2084 cujus
770 1971 862 2060 auita
871 1983 1186 2086 pronuntiatioper
1195 1987 1308 2060 emnia

204 2116 344 2193 saecula
357 2118 401 2192 ab
413 2118 474 2192 ito
486 2117 619 2220 populo
631 2125 771 2191 retenta
784 2124 850 2204 est,
862 2124 903 2188 ut
914 2124 1077 2189 accurata
1085 2125 1245 2192 veterum
1259 2119 1309 2191 in-

204 2244 438 2350 scriptionum
450 2230 761 2349 pervestigatione,
774 2244 1081 2347 grammaticorum
1091 2246 1309 2348 aliorumque

204 2388 389 2454 auctorum
402 2379 618 2454 testimoniis
632 2389 670 2452 et
683 2376 841 2476 analogia
854 2370 994 2476 linguae
1008 2376 1187 2454 evincitur.
1213 2381 1311 2453 Ana-

204 2511 334 2612 ingiam
348 2535 425 2584 eam
437 2508 527 2600 dice,
543 2534 706 2609 quaeper
712 2503 911 2585 universam
917 2508 1070 2610 linguam
1076 2516 1113 2583 et
1124 2507 1310 2608 antiquam

205 2640 600 2742 etrecentiorempatet
617 2640 737 2741 Quam
750 2640 811 2740 qui
825 2642 1002 2741 cognitam
1013 2637 1123 2714 habet
1130 2638 1308 2741 simulque

137 2784 140 2789 ’
201 2771 373 2848 diuturne
397 2782 478 2847 cnm
498 2772 646 2847 Graecis
664 2770 833 2850 'convictu
853 2771 1116 2871 multorumque
1137 2792 1307 2846 annerum

205 2901 326 3001 studio
338 2903 376 2976 in
387 2902 548 3002 legendis
562 2880 718 3003 antiquis
732 2903 983 2983 acrecentibus
991 2902 1213 2977 Graecorum
1225 2902 1306 2978 scri·

203 3032 367 3133 pteribus
381 3034 553 3108 collocate
565 3061 679 3134 aeque
692 3045 882 3135 utrumque
895 3060 1096 3110 sermenem
1108 3033 1305 3159 discere&

203 3162 360 3253 beravit,
394 3164 454 3238 ilie
483 3164 541 3240 his
573 3165 715 3241 Erasmi
746 3168 925 3242 erroribus
956 3176 1125 3265 tanquam
1155 3164 1304 3242 maculis

99 3342 104 3347 -
202 3291 342 3370 solutus
368 3303 406 3369 ct
431 3297 533 3396 quasi
557 3297 594 3371 in
619 3297 819 3374 libertatem
843 3297 1059 3387 vindicatus,
1090 3306 1132 3371 ut
1160 3296 1304 3373 medem

173 3420 391 3525 ‘aliquando
416 3427 539 3502 fictitia
565 3427 653 3505 haec
677 3429 919 3532 pronuntiatio
944 3455 988 3502 cx
1010 3428 1175 3503 omnibus
1192 3424 1304 3505 Eure

200 3581 268 3656 pae
293 3556 425 3634 scholis
451 3569 489 3635 et
511 3558 715 3638 Academiis
740 3561 888 3653 exsulet,
912 3563 1084 3636 bonarum
1107 3559 1303 3638 litterarum

52 3737 59 3746 -
199 3708 307 3762 'causa
331 3687 440 3763 debet
464 3703 599 3791 optare.

343 3819 435 3896 Post
458 3821 556 3914 haec,
590 3849 682 3922 qnae
712 3826 907 3922 generatim
938 3823 984 3899 de
1010 3824 1192 3924 conjuncti
1200 3823 1305 3901 unu

109 3977 118 3988 ·
197 3972 289 4048 qnae
314 3958 351 4025 et
374 3978 490 4030 novae
520 3953 734 4031 Graecitatis
766 3959 876 4033 studii
905 3958 1060 4053 utilitate
1090 3984 1132 4032 ac
1164 3957 1212 4033 de
1241 3956 1304 4033 lin-

195 4102 284 4179 'guae
320 4106 467 4183 graecae
502 4086 790 4182 pronuntiatione
815 4088 904 4180 dixi,
941 4101 1088 4166 transeo
1123 4091 1171 4165 ad
1207 4100 1305 4167 cern

191 4212 406 4310 scripturum
431 4238 571 4315 genera,
596 4220 642 4295 ad
666 4246 759 4323 ques
785 4244 865 4301 cum
888 4223 1008 4301 fructu
1043 4232 1081 4299 et
1104 4224 1187 4300 sine
1212 4223 1304 4301 diiii·
