2684 4740
205 199 254 275 at

206 394 349 484 pleribus
371 391 512 457 deterior
533 390 694 479 scriptura
717 400 780 454 est:
802 381 998 472 γραβίςουτες
1024 384 1067 448 rol
1088 382 1204 469 μαλία.
1248 393 1309 458 illa.

206 516 284 582 nuel
305 515 468 594 Maloxus,
492 533 583 595 quom
606 525 640 577 et
661 514 851 598 Duoangius
879 513 1001 575 excitat
1030 511 1138 577 Gloss.
1169 515 1308 580 Tomll

206 661 239 727 p.
257 632 356 703 1594:
379 626 436 696 καὶ
458 627 565 696 eminam
585 626 619 696 tle
641 627 785 709 σχοινίον
800 633 853 710 τῆς
866 622 1050 724 καμπᾴυας,
1067 626 1125 695 καὶ
1137 624 1174 697 tl>
1192 627 1306 717 ἕτραῦα,

206 751 264 822 ool
286 747 414 840 l'npoveu
434 751 453 834 ἡ
474 745 639 838 aagendam.
683 758 852 822 Romanus
874 755 1079 843 Nicephorus
1094 731 1305 825 ¹Thessaloni·

209 882 314 946 censis
349 882 384 944 in
419 880 641 946 Grammatico
673 880 803 965 linguae
837 899 973 964 graecae
1000 879 1146 964 vulgaris
1182 884 1304 964 inedita,

208 1005 380 1088 Dueangio
403 1015 485 1068 teste
508 1004 530 1067 l.
553 1004 575 1069 1.
599 1025 619 1068 a
641 1004 747 1068 latina
773 1026 850 1068 vooe
878 998 1020 1068 trahere
1050 1001 1137 1069 hano
1166 1025 1304 1090 graecam

208 1128 345 1191 deducit.
389 1127 511 1191 Eadem
545 1128 660 1191 Corais
693 1128 856 1190 sententia
887 1137 939 1189 est
968 1119 1089 1187 ’Araxa
1116 1127 1154 1192 11
1182 1149 1214 1215 p.
1240 1128 1302 1194 355.
1333 1180 1336 1197 ,

208 1247 276 1314 Sed
303 1270 402 1331 quum
429 1250 507 1314 olim
534 1270 593 1337 pro
622 1239 757 1330 romoldo>
785 1249 901 1313 Graeoi
923 1239 1058 1330 ταυρίςω
1080 1269 1209 1332 quoque
1226 1253 1302 1315 dixe-

207 1373 293 1454 rint,
320 1384 357 1435 ut
383 1392 425 1435 ex
452 1371 515 1435 hoo
539 1371 693 1436 Corrtiani
719 1372 801 1454 looo,
825 1374 879 1454 qui
901 1372 1009 1435 estin
1035 1371 1190 1438 Historia
1214 1373 1301 1462 Apol·
1333 1380 1336 1455 l

207 1495 290 1558 lonii
312 1495 416 1577 Tyrii,
440 1493 579 1556 efficitur
663 1475 673 1500 ⁸

251 1604 314 1675 Kal
335 1605 375 1674 rol
395 1601 517 1695 μαλλιά
536 1637 593 1674 rev
615 1605 768 1696 ἒναῦρισε,
789 1606 846 1676 καὶ
867 1608 934 1676 σᾶν
954 1615 1101 1698 γυναῦοα
1122 1604 1254 1698 ἒδᾶρβη,

207 1740 344 1803 lortasse
367 1734 454 1801 haud
476 1698 686 1823 improbabile
709 1751 769 1818 est,
782 1761 803 1802 a
819 1739 1019 1804 substantivo
1037 1735 1155 1820 ταῦρος
1171 1739 1232 1804 hoo
1244 1759 1301 1805 ver-

206 1862 283 1927 lum
304 1880 462 1924 manasse.
508 1861 690 1924 Taurorum
714 1864 801 1925 enim
823 1873 874 1926 est
894 1856 1036 1926 trahere
1057 1873 1215 1928 aratrum.
1241 1863 1300 1929 Huo

205 1984 341 2064 aooedit,
365 1982 448 2064 quod
470 1983 566 2047 rerba
588 1984 624 2047 in
647 1989 702 2058 ιζω
724 1985 872 2048 cadentia
898 2003 1149 2077 saepenumero,
1177 1998 1213 2051 ut
1237 2007 1302 2050 oon·

205 2117 281 2189 stat,
302 2106 518 2171 imitationem
540 2108 735 2193 exprimunt,
759 2108 806 2173 ita
819 2118 864 2172 .ut
883 2097 1018 2187 ταυρίζω
1035 2108 1184 2195 primitrm
1197 2110 1302 2173 suerit:

204 2237 383 2294 tatarorum
404 2247 497 2292 more
517 2224 630 2296 traho.
674 2229 784 2294 Priori
802 2241 909 2294 autem
926 2229 1305 2318 derivationiilludprae·

206 2353 298 2439 cipue
327 2353 447 2431 obstat,
479 2351 562 2434 quod
589 2353 706 2415 mirum
734 2354 834 2432 foret,
855 2353 892 2416 'si
913 2352 1031 2416 Graeoi
1052 2375 1097 2433 ex
1117 2348 1222 2418 traho
1242 2373 1301 2418 non

205 2474 313 2561 potius
334 2465 419 2554 roilo
441 2473 492 2537 vel
513 2461 617 2553 roario
639 2493 735 2556 quam
756 2467 863 2553 epau&
883 2475 1045 2539 fecissent.
1089 2476 1206 2560 Neque
1224 2478 1300 2540 enim

205 2595 273 2661 ulla
300 2597 413 2659 fuisset
441 2614 556 2677 eausa,
586 2602 657 2660 our‘
671 2605 838 2659 aooentum
866 2595 906 2658 de
932 2595 1016 2682 looo,
1045 2616 1144 2680 quem
1167 2602 1205 2666 in
1222 2619 1298 2690 pere

134 2800 137 2806 .
205 2719 301 2804 grino
324 2721 419 2785 verbo
443 2720 583 2801 tenebat,
606 2718 795 2802 dejicerent3
819 2737 858 2782 ao
874 2729 1042 2805 praeterea
1055 2702 1298 2807 nollnmmgoo

88 2902 96 2921 ,
204 2862 322 2927 graeca
347 2843 531 2928 suppeditat
560 2841 743 2928 exemplum
772 2843 863 2938 verbi
891 2841 1058 2925 dissyllahi
1086 2845 1124 2908 in
1148 2837 1199 2907 olo
1231 2845 1294 2911 ‹lesi-

203 2963 324 3033 nentis,
347 2965 437 3041 eujus
453 2961 632 3046 penultima
647 2963 772 3044 syllaba
795 2986 841 3024 αυ
860 2963 921 3054 pro
943 2986 967 3024 α
988 2964 1039 3028 vel
1051 2965 1096 3028 in·
1106 2971 1293 3053 antiquorum

205 3080 353 3144 dialectis
374 3080 426 3144 vel
448 3083 484 3145 in
506 3081 632 3168 plebeja
653 3086 868 3150 recentiorum
889 3086 1017 3169 loquela
1039 3089 1151 3173 luerit,
1175 3094 1239 3158 nisi
1255 3110 1291 3156 ee

203 3214 315 3268 oentus
338 3203 375 3267 in
396 3205 468 3291 ipsa
489 3205 593 3270 vooali
615 3228 639 3266 α
660 3211 861 3274 remanserit.
905 3210 1019 3292 ltaque
1040 3211 1121 3276 lioet
1135 3222 1291 3302 pervagata

202 3327 313 3414 opinio
334 3327 387 3407 sit,
411 3328 654 3410 multorumque,
678 3332 732 3411 qui
754 3333 790 3395 in
811 3330 865 3396 his
887 3331 1005 3398 litteris
1032 3334 1148 3419 aliqua
1175 3335 1308 3406 menn·

201 3462 268 3514 tate
289 3461 376 3532 sunt,
400 3449 602 3530 confirmata,
623 3449 729 3532 τραυῶ
749 3464 783 3517 et
803 3447 938 3536 romoldo
959 3459 1055 3522 verba
1073 3457 1202 3527 latinae
1214 3456 1290 3544 origi

201 3575 254 3635 nis
275 3595 362 3653 esse,
390 3575 463 3659 ipse
484 3584 593 3637 tamen
614 3573 746 3658 linguae
766 3576 922 3663 analogio
943 3578 1075 3643 illorum
1098 3582 1239 3650 decretis
1253 3601 1289 3645 re·

201 3706 334 3782 pugnat.
356 3730 400 3741 —
423 3685 544 3774 ἐβάναν
565 3699 660 3760 metri
683 3718 779 3762 eausa
801 3720 861 3786 pro
885 3688 1014 3780 ἔβαναν.
1060 3702 1111 3767 Cf.
1137 3708 1183 3773 ed
1203 3729 1232 3774 v.
1249 3699 1287 3770 li

332 3814 376 3878 V.
401 3814 474 3882 159.
519 3808 563 3877 ool
591 3807 712 3900 ε’βγάλῃ
741 3818 761 3884 3
789 3842 876 3908 pers.
911 3824 996 3907 sing.
1027 3845 1096 3888 aor.
1127 3834 1215 3916 oonj.
1245 3835 1287 3894 att

198 3937 287 4003 verbi
309 3929 462 4019 ἕβγάλλω.
506 3940 592 4004 Vide
614 3961 696 4023 quae
717 3945 900 4008 notavimus
922 3946 965 4010 ad
987 3966 1069 4010 vers.
1096 3947 1174 4016 153.

328 4058 372 4124 V.
397 4057 471 4124 160.
515 4084 549 4122 κι
570 4049 670 4146 ἀγᾶλι
690 4053 819 4146 ’pelei
841 4089 870 4129 e.
891 4057 948 4128 καὶ
970 4055 1071 4150 ἀγάλι
1093 4061 1212 4154 ἀγάλ..
1237 4072 1289 4138 ur

197 4184 331 4249 rendum
353 4183 478 4248 videtur
493 4146 719 4253 Grammaticis
734 4182 921 4254 vocabulum
942 4179 1052 4273 tyla,
1068 4197 1156 4276 quod
1173 4194 1288 4273 senam
