2684 4740
1019 202 1023 207 ’
1090 200 1137 277 m

98 397 134 453 te
156 406 223 451 non
243 380 376 473 ponitur
396 405 456 473 pro
477 380 564 463 riso,
587 396 624 450 ut
645 386 681 450 in
702 387 834 469 antiqua
855 387 978 474 lingue,
999 394 1057 458 sed
1077 416 1137 482 pro

98 507 152 574 tio.
197 511 284 594 Vide
307 509 615 600 animadversionem
637 510 678 574 nd
700 531 780 575 vers.
804 510 835 576 6.

167 632 209 695 V.
234 628 307 695 134.
353 633 404 695 De
426 623 574 712 ε’τρόμαξε
595 632 666 697 vide
688 635 855 697 observata
876 635 918 701 ud
939 657 1023 703 vers.
1046 638 1100 704 86.

168 756 210 819 V.
235 753 308 818 135.
353 744 489 834 ἐβοῦνιξε
510 774 578 819 nor.
600 757 687 821 verbi
709 748 857 835 βοωίζω,
879 759 962 839 quod
983 764 1068 847 apud
1089 784 1139 827 re.

98 881 198 945 tiores
219 879 353 942 eundem
375 898 506 942 sensum
528 876 624 942 habet
645 888 742 959 atque
763 869 895 956 βυβίζω.

169 1001 213 1067 V.
237 999 311 1067 136.
355 987 457 1079 ἅφηκε
491 999 511 1064 3
540 1020 624 1085 pers.
652 1000 736 1082 sing.
765 1019 832 1062 aor.
859 999 931 1064 Ind.
960 1015 1022 1066 nst.
1050 1008 1140 1071 verbi

98 1117 145 1183 Γνω
162 1146 204 1188 ex
214 1125 313 1189 veteri
332 1116 447 1203 ἀφίημι
460 1125 497 1184 in
516 1123 640 1185 novitia
652 1121 765 1203 lingua
779 1122 915 1185 formati.
927 1156 971 1169 -
983 1116 1027 1184 voi
1042 1121 1141 1212 πλέῃ.
1224 1159 1230 1170 ·

98 1247 183 1328 uulgi
194 1244 421 1309 consuetudine
432 1263 492 1330 pro
509 1234 599 1322 πλέῃ.
609 1274 653 1288 -
664 1233 811 1321 μοναχόν
826 1260 883 1303 rov
897 1247 1028 1332 proprie
1041 1250 1144 1332 signi.

98 1378 121 1430 rt
131 1363 236 1430 solum
248 1361 365 1452 ipsius,
371 1365 428 1427 sed
434 1362 519 1427 nihil
531 1363 709 1448 exprimere
717 1365 785 1429 vult
799 1366 948 1452 scriptor,
956 1369 1142 1436 nisimlum.

98 1507 152 1568 que
174 1486 316 1550 mirabili
338 1506 414 1549 eesu
434 1486 562 1566 eccidit,
585 1498 620 1549 ut
642 1506 709 1550 non
732 1498 858 1551 tontum
879 1476 955 1569 itm«,
972 1495 1141 1560 sedetiam

98 1610 238 1672 ntrarium
260 1595 403 1688 μοναχός
417 1607 525 1671 Zenus
541 1607 651 1672 addim
672 1610 808 1690 quodam
830 1631 907 1676 voce
928 1617 1142 1699 possessivum

98 1753 169 1796 sum
191 1731 340 1808 habente,
362 1750 471 1794 verum
493 1747 625 1815 prorsus
648 1748 669 1793 u
689 1733 852 1795 sententia
873 1733 981 1799 olienn
1002 1751 1142 1825 usmpet.

98 1856 117 1917 Ι.
141 1874 223 1936 quoe
244 1853 425 1916 notavimus
454 1851 496 1916 ad
517 1847 677 1915 vers.'·26.
730 1851 902 1916 Caeterum
927 1855 1143 1925 Aeousativus

98 1965 189 2049 ιαχόν
211 1977 367 2049 ex'verbo
390 1959 494 2052 ἅφηκε
515 1973 643 2061 pendet,
665 1974 714 2037 ito
735 1985 772 2036 ut
792 1975 856 2037 isto
879 1979 974 2040 verba
995 1980 1037 2042 ed
1059 1980 1144 2045 litte-

98 2123 112 2163 r
141 2100 286 2163 valeant:
314 2092 588 2184 Psichorpogem
618 2092 747 2159 dimisit
772 2092 897 2172 solum,
929 2106 968 2161 ut
993 2111 1146 2178 nataret,

98 2243 234 2306 umquam
250 2195 346 2285 ¹mens
368 2221 536 2306 scriptoris
559 2229 622 2282 est:
645 2214 922 2306 Psichorpogem
943 2217 1087 2300 dimisit,
1108 2233 1147 2289 ut

98 2354 188 2410 toret
210 2339 309 2408 solus.

173 2467 216 2530 V.
241 2465 312 2532 139.
355 2457 395 2525 roi
416 2452 523 2526 &irruo
544 2485 603 2552 per
623 2463 819 2551 aphaeresin
833 2484 893 2554 pro
910 2455 1045 2546 mirera,
1064 2471 1148 2553 qood

98 2591 270 2655 rinutivum
293 2601 342 2653 est
364 2589 513 2651 citeriore
536 2598 641 2651 aetate
664 2590 704 2650 ab
727 2589 859 2668 antiquo
886 2578 995 2666 ὁδούς,
1023 2583 1148 2666 &iimo

98 2726 227 2779 matum.
271 2712 366 2777 Nom.
387 2712 471 2795 sing.
494 2709 579 2796 apud
600 2706 726 2795 piebem
746 2720 843 2771 sonet
863 2700 898 2768 ri
920 2700 1013 2771 omar.
1033 2744 1078 2761 -

179 2835 221 2901 V.
248 2833 319 2901 110.
365 2834 418 2899 De
441 2819 540 2906 'e‘xaot
563 2831 633 2895 dixi
654 2830 697 2895 ad
718 2849 798 2894 vers.
823 2829 895 2896 116·
918 2865 962 2879 ·-
988 2826 1106 2915 τρέμαν
1126 2837 1149 2901 1.

104 2944 242 3040 &prrsum
263 2959 395 3041 entique
417 2944 552 3036 ἔτρεμον.
600 2953 673 3018 vid.
696 2954 840 3022 advers.
866 2952 940 3020 127.

181 3082 223 3146 V.
248 3079 320 3149 111.
364 3080 493 3149 πολλαῖς
513 3079 625 3159 φοραῖς
651 3096 901 3164 saepenumerm
951 3076 1012 3144 Sin
1038 3069 1152 3155 πόσαις

98 3205 161 3288 ξαῒς
183 3205 267 3292 opud
286 3204 482 3267 recentiores
506 3197 648 3286 quoties,
668 3188 817 3282 ποσάκις;
844 3191 906 3280 μία
927 3194 1012 3280 φορά
1038 3202 1152 3282 semel,

98 3329 146 3404 αξ.
175 3356 218 3372 -
252 3317 435 3409 ἀνδρευέπον
456 3343 515 3410 pro
537 3312 702 3404 impetam
722 3335 854 3411 propter
880 3299 1025 3389 metrum.
1045 3410 1048 3416 .
1076 3326 1153 3391 Vid.

98 3460 219 3515 eeteros
248 3447 290 3511 ed
310 3466 389 3512 vers.
418 3443 493 3511 123.
547 3445 612 3513 Hie
637 3446 725 3512 istud
752 3448 881 3512 verbum
910 3444 1067 3531 accipitur
1093 3467 1153 3536 pro

98 3620 102 3654 ,
125 3571 209 3654 quod
223 3570 336 3635 Latini
357 3571 468 3633 dieunt
489 3563 635 3634 uiriliter
655 3565 812 3634 eluctari.
834 3567 1026 3656 Comparari
1046 3581 1153 3658 potest

98 3696 276 3760 rmanioum
298 3687 373 3756 siclt
394 3710 589 3769 eumanum,
609 3692 686 3758 lieet
707 3691 804 3780 paulo
827 3690 915 3757 aliud
936 3691 989 3756 sit.
1012 3726 1057 3743 -

186 3818 230 3882 V.
256 3813 329 3882 142.
374 3811 565 3887 κλοτζιῖηπας
585 3837 670 3881 nom.
692 3816 775 3898 sing.
797 3825 880 3901 pert.
895 3836 1000 3902 prees.
1019 3828 1081 3885 oet.
1095 3839 1156 3909 pro

98 3938 200 4015 οτζῶν.
242 3942 291 4005 Cf.
315 3941 387 4004 adn.
410 3937 461 4002 nd.
483 3958 563 4002 vers.
588 3937 660 4004 106.
692 3935 809 4011 κλοτζῶ
829 3934 985 4022 calcitro,
1006 3940 1159 4010 calcibus

98 4061 166 4141 uio,
187 4055 338 4141 λακτίζω,
360 4050 506 4144 πτερνίζω
527 4082 547 4126 e
569 4062 673 4126 latins
694 4082 771 4125 voce
793 4057 880 4126 cuim
906 4065 1067 4149 originem
1093 4077 1158 4134 tre-

98 4199 118 4253 t.
141 4221 186 4238 —-
207 4178 351 4270 ἦμπόρειε
372 4184 394 4252 3
415 4205 498 4274 pers.
519 4185 603 4269 sing.
624 4185 705 4272 Imp.
729 4185 818 4250 verbi
839 4178 977 4266 ε’μπορῶ,
1006 4188 1089 4272 quod
1110 4188 1159 4254 in-
