2684 4740
175 223 262 276 xxiv

179 393 274 468 ditos
300 414 464 466 enarrare
488 387 604 478 velim,
628 383 823 465 verendum
848 385 912 478 sit,
936 410 983 459 ne
1008 384 1120 461 semel
1145 384 1289 462 dicendi

109 557 111 561 ’
178 526 280 600 initio
310 525 404 599 lacto
437 522 498 598 v'ix
528 521 636 594 finem
667 520 877 596 inventurus
909 517 987 593 sim.
1036 520 1222 608 Attamen,
1248 531 1288 596 ut

179 657 286 758 hujus
313 679 459 758 quoque
490 652 632 754 generis
664 650 864 753 exemplum
894 676 1109 752 proponam,
1142 651 1298 754 impedi·

179 788 359 864 tissimum
401 812 483 861 esse
520 811 645 861 omnes
680 785 842 885 judicant
873 781 992 858 locum
1031 783 1289 885 Xenophontis

181 920 282 996 initio
306 918 589 994 Hellenicorum
614 916 676 992 ubi
700 919 869 1020 scriptor:
901 917 948 992 Οἱ
971 915 1011 993 δὲ
1034 915 1291 1020 ἀνηγάγοντο,

181 1051 314 1152 inquit,
339 1051 391 1126 ἐπ’
418 1047 542 1127 αὐτὸν
566 1044 681 1127 ε’ίκοσι
710 1047 869 1142 ναυσὶν,
900 1044 946 1138 ἃς
975 1048 996 1124 ὁ
1027 1046 1197 1149 Δωριεὺς
1223 1081 1291 1149 φυ-

180 1180 264 1289 pulv
293 1179 384 1283 πρὸς
414 1179 484 1283 τὴν
513 1188 594 1285 γῆν
622 1182 825 1284 ἀνεβίβαζε
856 1178 923 1271 τοὶς
953 1183 1098 1256 ἑαυτοῦ
1125 1182 1290 1285 τριήρεις,

182 1316 231 1405 ὥς
254 1305 398 1418 ἤνοιγε,
423 1313 504 1413 περὶ
527 1310 569 1389 τὸ
594 1314 771 1392 Ῥοίτειον.
829 1313 951 1414 Quem
976 1338 1123 1388 sensum
1147 1312 1209 1390 hic
1234 1315 1291 1388 ha·

106 1541 112 1560 l
180 1445 265 1521 beat
275 1435 407 1549 ἤνοιγε
421 1446 621 1545 quaesitum
633 1473 652 1520 a
665 1446 787 1520 multis
801 1454 868 1534 est,
881 1454 1111 1545 perspectum
1124 1471 1144 1519 a
1158 1446 1291 1547 paucis.
1332 1450 1334 1467 '

181 1576 358 1652 Nimirum
371 1576 652 1679 vulgarislingua
664 1576 921 1679 Xenophontis
935 1578 1213 1678 explicatoribus
1227 1606 1292 1655 usu

181 1735 254 1784 non
273 1719 350 1784 erat
376 1709 527 1809 cognita.
582 1709 702 1810 Quam
725 1710 787 1809 qui
801 1719 944 1799 norunt,
969 1709 994 1784 ii
1019 1709 1125 1784 etiam
1150 1738 1292 1786 annea

180 1840 298 1931 nautis
324 1841 362 1914 in
381 1839 532 1914 Graecia
558 1842 612 1913 sic
637 1839 808 1915 celebrari
832 1839 952 1915 sciunt
974 1841 1123 1916 verbum
1140 1844 1298 1950 duolpo,

180 1972 333 2048 uthica
352 1970 598 2072 Xenophonte
617 1971 815 2046 adhibetur.
841 1970 940 2071 Quid
954 1970 1292 2082 quaerisl'Auolpu

181 2105 213 2180 si
238 2103 283 2180 de
307 2131 399 2180 nave
423 2103 480 2179 vel
506 2102 551 2177 de
575 2104 824 2206 navigantibus
843 2102 1063 2207 intelligitur,
1079 2111 1292 2186 vertendum

173 2248 237 2313 ‘est
255 2238 386 2312 relicto
398 2247 511 2336 portu
528 2234 665 2333 (relicta
689 2237 859 2334 statione)
885 2238 925 2310 ia
950 2238 1063 2312 ultum
1091 2239 1234 2316 evehor.

350 2367 542 2441 Praeterea
597 2369 763 2444 universa
806 2368 1066 2445 Grammaticae
1107 2371 1292 2449 doetrinae

180 2497 271 2574 ratio
311 2507 483 2598 perpetua
522 2499 656 2575 veteris
695 2510 732 2574 et
769 2501 924 2576 recentis
964 2501 1106 2604 linguae
1148 2528 1292 2608 compa-

180 2630 318 2705 ratione
354 2629 542 2722 insigniter
579 2631 760 2707 emendari
795 2643 926 2735 potest.
1002 2635 1096 2711 Nam
1133 2647 1293 2737 praeter-

181 2789 287 2864 quam
320 2762 418 2863 quod
448 2762 576 2856 multa,
615 2793 708 2867 quae
738 2767 861 2868 ignota
895 2777 996 2858 sunt,
1027 2767 1111 2842 inde
1147 2769 1292 2848 discun-

179 2904 247 2986 tur,
275 2922 365 2996 quae
390 2905 559 2996 tanquam
585 2896 824 2972 additamenta
848 2900 1000 2999 repertis
1020 2900 1125 3000 adjici
1142 2916 1290 3002 queunt,

180 3027 260 3127 ipsa
286 3027 393 3101 etiam
418 3026 602 3101 doetrinae
626 3024 735 3125 hujus
760 3026 987 3103 fundamenta
1015 3031 1134 3109 multis
1153 3036 1189 3108 in
1210 3066 1291 3138 par·

180 3159 278 3234 tibus
305 3167 523 3234 evertuntur.
579 3156 692 3257 Cujus
719 3159 859 3258 generis
884 3160 1020 3237 infinita
1046 3167 1290 3268 exemplorum

180 3290 235 3365 vis
263 3299 300 3363 et
325 3289 427 3390 eopia
452 3299 596 3392 praesto
617 3300 684 3364 est
731 3291 869 3367 Notum
888 3295 1052 3371 omnibus
1070 3323 1152 3373 esse
1170 3303 1290 3395 credo,

179 3421 289 3495 multa
315 3421 448 3496 criticis
473 3401 615 3521 negotia
641 3423 828 3526 Digamma
845 3424 1030 3501 Aeolicum
1049 3429 1290 3512 lacessivisse.

180 3548 311 3650 Neque
335 3561 455 3624 tamen
482 3551 672 3651 quisquam
689 3556 857 3633 inventus
880 3568 946 3649 est,
973 3560 1035 3660 qui
1052 3561 1144 3635 hene
1162 3563 1200 3635 iu
1216 3565 1289 3642 hoe

181 3691 389 3782 argumento
423 3693 634 3759 versaretur.
698 3686 840 3788 Nempe
876 3716 1019 3780 omnes,
1057 3698 1229 3786 quantum
1267 3725 1287 3772 a

177 3811 316 3912 vulgari
347 3813 465 3915 lingua
496 3814 585 3892 lucis
617 3819 693 3916 peti
723 3831 864 3918 posset,
894 3819 1113 3923 ignorabant.
1168 3823 1286 3920 Adde,

180 3943 278 4042 quod
309 3945 473 4046 plerique
500 3950 826 4049 pronuntiationem
859 3951 902 4023 ah
928 3950 1079 4026 Erasmo
1111 3961 1285 4054 praeseri-

177 4083 276 4176 ptam
301 4079 554 4178 sequebantur,
578 4108 647 4183 qua
672 4082 761 4156 nihil
786 4083 962 4159 funestius
987 4086 1116 4164 litteris
1135 4089 1284 4169 Graecis

176 4210 371 4315 excogitari
394 4220 527 4313 polest.
576 4212 650 4290 Sed
675 4242 722 4292 ne
746 4216 871 4310 multa,
896 4217 1103 4322 popularem
1129 4221 1284 4301 Graeco-
