2684 4740
136 175 184 251 90

133 362 168 434 ui
189 358 352 452 ὀμμάτων.
382 404 426 416 -
448 367 622 432 Deforme
643 356 823 448 ttovpou'rmc
844 366 928 430 idem
951 328 1137 449 dicendum,
1159 370 1236 451 quod

134 496 173 559 de
205 480 448 554 ἑκοωωυλόναν.
489 490 652 574 Designot
684 502 790 554 autem
822 478 986 570 tiovpm'rvu
1020 490 1175 578 primitus
1195 492 1234 572 id,

132 616 215 698 quod
248 615 437 698 Ducangius
469 633 543 698 pag.
575 610 641 676 222
677 614 741 694 ait,
774 609 811 676 in
843 630 946 676 coeno
974 609 1111 687 voluto,
1147 634 1233 696 qurum

132 735 256 820 βοῦρκα
276 738 362 825 apud
383 707 488 801 nostri
510 737 664 822 temporis
694 735 835 800 Graecos
856 755 993 799 coecum
1021 747 1123 800 notet.
1172 735 1231 800 Sul

132 861 219 943 quis,
248 879 381 942 quaeso,
409 858 542 921 eandem
571 859 635 922 vim
665 857 739 922 huic
766 861 861 922 verbo
884 868 996 921 nostro
1019 879 1146 940 quoque
1166 859 1230 923 loco

134 1003 206 1047 oum
235 981 395 1045 Glossarii
423 979 512 1043 illius
540 991 671 1044 auctore
699 981 856 1044 ascribatl
900 979 1100 1044 Rectissime
1124 1003 1228 1068 nempe

132 1105 266 1170 Crusius
288 1105 398 1167 vertit:
422 1101 507 1165 oculi
529 1106 597 1185 ejus
619 1099 868 1167 humescebant.
914 1099 974 1166 Sic
997 1124 1122 1186 quoque
1145 1104 1226 1168 intel-

129 1228 280 1311 ligendus
301 1227 389 1290 loeus
413 1247 454 1288 ex
474 1225 622 1293 Historia
649 1225 820 1313 Apollonii
849 1226 958 1308 Tyrii,
992 1246 1088 1309 quem
1117 1227 1225 1310 allegat

129 1350 329 1433 Ducangius.
360 1406 364 1413 .

261 1469 304 1532 V.
330 1466 402 1532 129.
447 1462 695 1580 prernvopgopccuoc
721 1472 928 1556 participium
950 1473 1125 1537 barbarum
1146 1473 1221 1536 redu·

128 1591 302 1679 plicatione
325 1610 438 1653 carens
460 1591 540 1675 perf.
562 1607 648 1671 pass.
672 1582 987 1674 campocunanae,
1014 1582 1103 1678 quorl
1125 1619 1143 1659 e
1163 1598 1221 1659 sul

128 1709 269 1779 stentivo
290 1700 442 1792 praeluceo
463 1724 575 1776 natum
597 1712 711 1797 vulgus
732 1735 793 1802 pro
814 1711 958 1795 pteraoooi
979 1715 1122 1784 adhibet
1166 1717 1219 1782 Cur

32 1874 40 1885 ·
126 1838 297 1903 barbarum
313 1833 471 1922 appellem
488 1833 550 1899 hoc
566 1837 783 1922 participium,
799 1839 935 1920 emergit
957 1859 999 1903 ex
1021 1840 1075 1922 iis,
1092 1862 1171 1923 quae
1188 1840 1217 1902 al

127 1980 208 2024 vers.
234 1955 275 2022 13
297 1959 440 2044 exposui.
462 1991 507 2008 -·
528 1945 616 2034 ilrove
637 1958 688 2022 vel
708 1943 782 2033 ἦτον
803 1959 853 2023 vel
874 1943 928 2036 ἧτο
950 1969 1040 2024 erut.
1069 1996 1114 2012 -
1139 1954 1218 2042 occup

24 2112 27 2116 ·
120 2101 186 2169 pro
208 2071 330 2163 ποιήσῃ.
369 2071 931 2147 0111111101.εὰνοῐεεΛὸἐῑῖθ.
977 2084 1072 2149 Adde
1085 2086 1215 2167 quaele

127 2205 250 2270 enimus
271 2204 311 2268 de
333 2202 396 2268 hec
419 2205 658 2269 construetione
680 2203 722 2268 ad
742 2202 877 2288 Dialogi
898 2227 1027 2271 versum
1050 2205 1077 2270 10.

255 2325 299 2391 V.
325 2324 399 2391 130.
443 2317 561 2407 γυρίςω
583 2325 638 2389 hio
660 2326 747 2392 valet
768 2325 879 2393 redeo.
926 2327 975 2394 Cf.
1000 2333 1163 2396 observata
1180 2329 1213 2392 ad

124 2469 205 2514 vers.
229 2446 302 2512 119.

254 2568 296 2634 V.
320 2567 395 2635 131.
438 2557 535 2652 privat
556 2572 594 2635 in
615 2571 794 2637 recentiore
808 2593 956 2638 sermone
971 2587 1070 2639 sonat
1085 2583 1210 2650 tontum,

123 2691 366 2768 tantummodo,
386 2661 504 2758 colum.
527 2728 572 2743 -
592 2683 633 2754 ni
654 2683 737 2756 πόδι’
760 2696 781 2761 i.
799 2718 825 2762 e,
848 2686 889 2756 col
902 2687 995 2757 πόδια
1006 2695 1124 2785 pedes,
1149 2697 1208 2762 sin.

123 2819 245 2904 guloris
267 2817 453 2904 plerumque
475 2817 565 2881 audit
586 2807 620 2879 ui
641 2810 712 2877 πὸδι
734 2837 793 2904 pro
814 2806 850 2880 ri>
870 2804 987 2882 πόθων.
1010 2854 1057 2868 -
1078 2822 1131 2887 De
1150 2811 1208 2881 ἆπὸ.

121 2959 241 3020 σφυγγε
263 2938 386 3001 locutus
409 2958 480 3031 sum
507 2937 549 3000 ad
571 2959 651 3005 vers.
675 2939 695 3003 7
717 2940 861 3025 Dialogi.
896 2950 939 2991 -'·
954 2996 958 3003 .
972 2932 1014 3004 rol
1035 2935 1147 3028 ulciyc’
1165 2961 1207 3032 per

121 3077 285 3147 apocopen
307 3077 366 3145 pro
388 3044 511 3139 πλάγια
532 3054 661 3136 latero,
683 3065 774 3147 cujus
796 3066 882 3128 vocis
904 3085 989 3130 nom.
1011 3068 1099 3154 sing.
1122 3079 1168 3134 est
1182 3055 1206 3127 ri

119 3169 218 3264 ulclpc
238 3179 290 3248 vel
310 3168 455 3262 πλάγιον.

250 3302 293 3367 V.
320 3300 392 3373 132.
435 3289 548 3384 ἥβλεπε
574 3303 665 3391 vulgi
691 3327 780 3372 more
807 3310 979 3398 dupliciter
1007 3328 1139 3381 auctum
1162 3333 1206 3402 pro

119 3415 236 3507 ἕβλεπε.
283 3425 331 3492 Cf.
353 3447 435 3510 quae
456 3448 555 3515 supra
576 3431 758 3495 notavimus
786 3433 828 3497 ad
848 3432 983 3519 Dialogi
1012 3458 1097 3502 vers.
1125 3439 1154 3504 7.
1175 3469 1207 3484 -·

11 3543 14 3547 ’
118 3548 179 3610 ’ποῦ
200 3548 231 3612 h.
255 3549 276 3616 L
299 3551 578 3637 interpretandum
599 3553 688 3638 pcto?
717 3557 771 3638 qui
798 3577 875 3620 usus
902 3576 945 3621 ne
973 3563 1137 3627 veteribus
1155 3558 1207 3644 qui

117 3673 189 3736 dem
210 3670 307 3757 plane
330 3675 460 3758 ignotus
483 3675 557 3756 tuit,
580 3675 656 3740 lieet
676 3698 696 3740 a
719 3679 866 3742 Porsono
895 3681 937 3744 ad
964 3680 1135 3770 Euripidis
1159 3681 1208 3749 lle

118 3797 188 3860 cub·
210 3814 292 3859 vers.
316 3793 402 3862 1070
421 3772 554 3879 ι(1054)
580 3820 655 3885 pag.
679 3798 721 3864 77
751 3802 798 3865 ed.
820 3801 911 3890 Lips·
938 3803 1012 3884 (ubi
1039 3818 1075 3870 et
1095 3804 1207 3872 Sellae

64 3977 70 3983 .
117 3917 178 3980 ieri
199 3917 434 3984 animadversio
456 3921 612 4002 quaedam
634 3922 743 3987 addita
764 3925 832 4007 est)
861 3927 897 3990 in
925 3923 1058 3993 dubium
1082 3941 1207 3996 vocetur·

115 4075 160 4089 -
180 4028 269 4122 πάγῃ
291 4040 467 4124 vulgariter
488 4064 547 4132 pro
568 4035 695 4127 ὑπάγῃ.
717 4082 761 4094 -

246 4161 288 4224 V.
313 4161 387 4228 133.
430 4156 466 4228 rel
487 4156 602 4248 crorc'tpu
623 4167 675 4233 vel
696 4159 846 4251 ποτάμιον
874 4172 909 4236 in
937 4172 1094 4240 inferiore
1124 4175 1208 4240 Grat-
