2684 4740
125 221 196 296 110

122 412 308 482 Notandum
329 426 416 490 vero,
438 406 478 471 de
500 405 711 470 morientibus
733 403 882 490 usurpari
902 393 1128 485 ε’ξαπλύυομαι,
1150 406 1229 487 quod

122 537 316 603 Latinorum
339 530 533 596 consuetudo
555 523 763 592 extendendi
784 527 936 590 vocabulo
959 529 1049 591 reddi
1077 528 1225 614 postulat.

125 661 176 726 cf.
198 678 294 723 verss.
319 653 395 735 339,
419 651 483 718 354
506 664 566 717 etc.
611 651 663 716 Ex
684 649 736 713 his
764 649 974 733 intelligitur,
1004 649 1156 714 Crusium
1184 672 1225 716 er.

124 804 225 863 rasse,
249 781 303 863 qui
326 777 385 841 hos
408 778 487 840 duos
514 795 624 840 versus
651 775 700 836 sie
727 774 880 836 reddidit:
913 769 1006 836 Fotis
1030 771 1157 858 pellem
1182 771 1224 837 io.

124 911 303 976 venerunt,
332 919 421 984 qnae
449 905 528 963 eret
557 903 718 971 extenta,
747 915 888 981 caroque
909 893 1057 959 calamis
1074 893 1222 983 pulcher·

124 1025 208 1092 riene
234 1030 445 1089 consuerunt.
495 1021 582 1084 Nam
611 1021 854 1103 verbe-graece
885 1018 947 1083 hoc
974 1031 1109 1084 sonant:
1140 1015 1221 1084 Fotis

120 1147 245 1238 pellem
267 1145 476 1218 invenerunt,
499 1163 589 1230 qraeae
610 1150 688 1208 erat
710 1139 904 1229 explicate,
926 1161 1069 1228 eamque
1085 1140 1220 1208 calamis

121 1266 349 1359 pulcherrime
369 1264 605 1333 extenderunt.
650 1261 702 1331 De
731 1267 966 1329 construetione
995 1252 1106 1339 allactet
1132 1272 1218 1341 ogero·
1244 1320 1249 1326 .

124 1387 203 1476 μένο
232 1394 271 1454 ei.
300 1390 437 1454 Davidis
466 1389 570 1454 Mtth.
597 1408 680 1477 pour
704 1387 870 1452 etudierl.
894 1388 988 1473 lgr.
1018 1391 1103 1455 mod.
1128 1389 1216 1476 Chap.

124 1513 290 1581 XXXIX.
314 1510 342 1595 §.
366 1511 396 1574 5.
419 1532 450 1597 p.
474 1509 526 1575 85.

255 1634 300 1698 V.
323 1631 397 1697 229.
441 1623 598 1713 λουρίκιου
625 1631 675 1694 vel
702 1621 846 1712 λωρῖκιον
873 1602 933 1712 ici.
957 1635 1065 1700 adnot.
1089 1635 1131 1699 ad
1149 1632 1216 1698 Dia·

124 1757 193 1842 logi
219 1777 301 1820 vers.
332 1753 398 1835 1.),
430 1758 519 1838 cujus
549 1753 621 1815 loco
651 1767 683 1817 ct
709 1746 823 1834 λωρίκη
850 1756 887 1818 in
915 1755 1026 1840 Eelog.
1049 1757 1167 1826 Leonis
1189 1767 1218 1820 et

126 1879 336 1944 Constantini
358 1878 460 1962 impp.
483 1878 532 1939 tit.
561 1875 600 1940 17
623 1874 651 1959 §.
675 1872 696 1939 lt
718 1879 887 1963 reperitur,
910 1878 1015 1942 latina
1037 1876 1220 1944 vox-lorica

125 2014 184 2082 est,
207 2022 287 2084 quae
309 2020 368 2086 pro
391 2000 524 2079 antiqua
547 1993 700 2062 thoracis
727 2000 945 2086 appellatione
967 2002 1115 2066 invaluit·
1165 2004 1220 2090 Op-

124 2135 261 2211 portuno
283 2123 319 2185 in
342 2120 428 2185 hanc
449 2140 517 2183 rem
538 2120 727 2206 Dueangius
749 2124 840 2186 Tom.
864 2124 881 2186 I
903 2145 935 2210 p·
950 2121 1023 2192 4835
1045 2125 1140 2188 affert
1155 2125 1221 2212 Epi-

124 2249 292 2310 merismos
313 2243 502 2323 Herodiani‚
525 2244 591 2306 ubi»
600 2244 719 2328 legitur
732 2235 851 2326 ἓνῶραξ,
866 2235 901 2307 ed
915 2238 1061 2326 λωρίκιον
1076 2261 1110 2312 et
1125 2248 1220 2312 Gloss.

126 2369 180 2431 Gr.
204 2364 308 2430 MSS.
333 2365 411 2429 Cod.
440 2366 545 2427 Paris.
576 2365 660 2429 1673
689 2356 850 2447 ἓῶρακος,
877 2361 1025 2450 impertiet)
1052 2368 1219 2452 πολεμικοῦ.

123 2488 201 2552 Vid.
224 2488 302 2551 ibid.
326 2486 408 2549 alios
431 2485 522 2549 locos
545 2506 586 2549 ex
608 2487 799 2570 Byzantinis
829 2493 1038 2578 scriptoribus
1069 2493 1217 2558 collectos.

124 2644 168 2658 -·
189 2598 317 2690 κάμασι
337 2629 396 2696 pro
420 2582 554 2692 impiae.
599 2608 674 2674 vid.
697 2611 772 2700 adn.
798 2613 840 2677 ad
862 2635 943 2678 vers.
959 2613 990 2679 9.
1014 2650 1060 2663 -
1082 2608 1222 2690 δείχνουυ

68 2737 72 2741 ’
124 2734 264 2821 explicui
287 2733 329 2796 ad
350 2753 431 2796 vers.
457 2729 532 2798 100.
567 2767 611 2781 -
647 2726 853 2816 ὧγριωμένοι,
876 2739 1007 2820 entique
1028 2731 1220 2823 iygtcopte'oot.

123 2857 284 2921 Praesens
308 2854 380 2919 Ind.
403 2866 466 2918 aet.
488 2874 575 2918 nunc
597 2869 647 2920 est
669 2847 815 2938 ἀγριόνω.

254 2975 297 3036 V.
322 2973 397 3038 930.
441 2968 558 3083 cirenae
578 2976 683 3058 λογῆς,
702 2991 739 3042 ut
760 2999 841 3045 vers.
866 2978 940 3048 148.
976 3018 1017 3031 -
1050 2983 1105 3049 De
1128 2977 1221 3068 ἅρμα·

123 3089 253 3178 τωμένοι
275 3098 314 3158 ci.
337 3115 418 3159 vers.
442 3093 516 3160 226.

253 3217 296 3281 V.
320 3216 395 3284 231.
441 3207 586 3299 ε’μάξνασι
608 3221 629 3286 1.
654 3242 681 3285 e.
706 3208 846 3304 ἕμαὲαν,
870 3212 1004 3307 ἔμαθον.
1041 3261 1084 3276 ·-
1119 3223 1221 3292 ἕτοῦτα

122 3337 288 3406 1111οῢ1α
310 3341 486 3425 vulgariter
507 3364 565 3430 pro
587 3342 704 3426 aetra,
726 3360 764 3411 ut
779 3351 851 3432 jam
872 3350 1011 3413 vidimus
1031 3370 1132 3418 versu
1155 3351 1220 3420 155.

120 3496 166 3516 -
186 3455 348 3546 poetro
369 3466 406 3527 in
427 3465 582 3529 inferiore
612 3471 787 3551 graecitate
815 3472 964 3556 designat
990 3492 1063 3537 rem
1090 3493 1222 3550 nocam,

120 3585 295 3663 auncinm5
322 3587 409 3674 apud
436 3589 535 3652 medii
563 3591 635 3654 aevi
662 3593 836 3679 scriptores
864 3605 896 3658 et
923 3615 982 3682 pro
1005 3616 1044 3659 eo
1067 3601 1221 3687 accipitur

123 3705 350 3790 quodLatinis
372 3722 422 3773 est
443 3709 656 3790 mandatum,
677 3716 764 3779 unde
786 3716 881 3781 ducta
895 3738 958 3782 vox
974 3730 1034 3782 est.
1057 3718 1223 3789 Vide'Du-

122 3834 215 3913 cati'g·
237 3851 265 3894 a·
288 3851 317 3894 v.
339 3822 509 3911 proneam.

250 3952 295 4015 V.
317 3950 394 4018 939.
437 3952 501 4026 πῶς
528 3956 705 4041 vulgariter
736 3981 805 4046 pro·
829 3948 892 4044 tn,
925 3973 962 4027 ut
984 3966 1057 4048 jarn
1086 3964 1222 4052 legimur

119 4093 213 4138 versu
236 4072 310 4140 108.
333 4110 376 4123 -
398 4065 569 4158 pecodem),
590 4101 650 4167 pro
672 4101 733 4162 quo
756 4083 815 4147 alii
836 4087 978 4149 seribere
1000 4087 1112 4155 solent
1127 4107 1223 4171 ‹pow-

117 4188 217 4260 σάτον
237 4199 288 4265 vel
309 4188 483 4284 φοσσάτον,
504 4213 554 4270 est
575 4205 706 4292 proprie
727 4204 919 4275 Latinorum
940 4211 1134 4282 vocobunuo
1145 4209 1221 4304 sos·
