2684 4740
268 1206 677 1317 Commentarius
713 1216 763 1314 in
799 1207 1084 1360 Dialognm.

606 1440 730 1454 ——-

253 1563 295 1627 V.
321 1563 350 1628 1.
378 1554 422 1624 νά
441 1556 517 1639 ’wc
538 1585 598 1652 pro
621 1560 664 1626 voi
685 1555 775 1642 ἔχεις.
827 1563 945 1632 Solent
971 1568 1090 1637 Gnaei
1115 1584 1224 1639 Man·

118 1689 219 1750 tiores
241 1707 309 1750 non
331 1687 436 1750 solum
457 1689 634 1773 particulas
661 1700 694 1752 et
719 1692 912 1774 pronomina
940 1695 1112 1774 quaedam,
1139 1697 1225 1759 sicut

119 1821 260 1887 veteres,
288 1811 345 1872 sed
372 1810 470 1871 etiam
498 1811 593 1872 verba
622 1809 669 1871 ita
695 1810 907 1874 inclinatione
930 1817 1132 1879 antecedenti
1152 1816 1224 1880 voci

119 1943 309 2012 annectere,
332 1943 368 1994 ut
390 1953 409 1994 e
431 1931 552 1995 duabus
574 1931 719 2010 vocibus,
741 1933 818 1996 licet
839 1953 936 1995 sensu
957 1936 1092 1999 diversis
1115 1956 1154 1999 ac
1175 1957 1222 1999 se·

113 2056 253 2138 junctis,
280 2053 550 2140 pronunciatione
576 2062 685 2114 tamen
713 2071 777 2114 una
805 2054 950 2116 exsistat.
1005 2057 1159 2137 Quo-fit,
1187 2069 1224 2120 ut

119 2177 265 2262 imperiti
298 2174 425 2236 librarii
459 2156 688 2258 saepenumero
721 2174 783 2236 duo
820 2175 972 2238 vocabula
1011 2176 1223 2240 inclinatione

120 2315 268 2359 connexa
297 2294 494 2376 conjunctim
521 2296 735 2358 exoraverint.
791 2295 903 2376 Itaque
931 2309 963 2360 et
991 2295 1054 2367 hoc
1081 2298 1152 2361 loco
1174 2299 1223 2362 in·

119 2418 213 2480 docte
239 2436 260 2479 a
287 2415 446 2496 librariis,
474 2434 552 2497 quos
579 2418 705 2502 priores
733 2416 873 2480 editores
899 2421 1001 2482 secuti
1029 2432 1121 2498 sunt,
1143 2420 1223 2484 sori-

117 2550 210 2625 ptum
238 2549 286 2602 est
314 2527 440 2613 νάχεις,
469 2548 501 2600 et
529 2559 626 2601 versu
656 2539 709 2602 11.
732 2538 828 2622 hujus
850 2539 973 2621 dialogi
994 2534 1073 2600 πέτω
1094 2563 1154 2628 pro
1173 2528 1227 2600 ’πί

117 2677 164 2735 ro,
185 2679 282 2745 porro
305 2678 401 2721 versu
424 2655 477 2721 12.
499 2646 613 2735 edeam
634 2679 693 2742 pro
715 2648 750 2721 rb.
769 2650 876 2735 ’paim
904 2669 935 2720 et
956 2660 992 2721 in
1015 2661 1086 2743 ipso
1106 2662 1222 2724 Batrn·

118 2777 406 2860 clromyomachiac
434 2775 627 2862 paraphrasi
661 2777 763 2839 multa
792 2775 888 2859 hujus
920 2779 1049 2858 generis
1077 2780 1224 2864 exemplo

118 2912 262 2981 exstant,
285 2899 423 2982 quaein
446 2899 568 2962 criticis
591 2899 852 2962 adnotationibus
873 2899 1127 2984 perscripsimus.
1160 2900 1224 2963 Irn-

116 3025 234 3114 primis
261 3029 369 3088 autem
396 3023 561 3084 mentione
589 3023 690 3106 digna
717 3032 768 3084 est
798 3020 931 3084 licentia
958 3029 1125 3107 poetarum
1147 3021 1224 3085 indo

116 3169 138 3213 a
161 3145 458 3231 Ptochoprodromo
479 3164 577 3224 usquc
599 3145 640 3206 ad
662 3154 807 3206 nostram
829 3144 894 3205 iere
917 3154 1065 3223 aetatem,
1089 3162 1152 3225 qua
1171 3144 1222 3207 illi

116 3274 156 3335 in
180 3269 373 3332 carminibus
401 3266 529 3349 vulgari
551 3286 698 3329 sermone
726 3266 909 3350 compositis
938 3267 1033 3327 rerba
1061 3265 1221 3346 monosyl-

113 3393 210 3472 laba,
238 3390 289 3455 vel
322 3389 498 3471 dissyllaba
520 3390 589 3451 sive
611 3389 848 3471 introgressum,
871 3388 938 3448 sive
961 3385 1132 3471 aphaeresi
1152 3387 1221 3447 bre-

116 3517 216 3593 viata,
229 3522 326 3598 prout
336 3531 445 3574 versus
455 3510 607 3597 postulat,
619 3511 661 3601 in
674 3528 783 3570 vocem
805 3527 1028 3592 praegressanr
1051 3506 1220 3570 inclinant.

115 3637 172 3701 Ab
180 3634 242 3698 hac
253 3621 387 3698 licentia
399 3605 512 3714 'vulgus
524 3635 621 3695 etiam
634 3633 669 3693 in
680 3629 1009 3716 loquendononplane
1017 3631 1222 3707 aliennmest‚

117 3777 310 3842 quamquam
332 3775 398 3818 non
421 3755 590 3816 admodum
612 3753 712 3815 multa
734 3762 811 3814 sunt
832 3754 937 3829 verba,
961 3772 1041 3831 quae
1063 3751 1159 3814 hodie
1176 3753 1224 3812 ita
1303 3823 1307 3828 p

117 3889 268 3964 usurpat,
297 3876 382 3940 velut
401 3869 510 3943 ’δωκες
531 3891 589 3960 pro
613 3863 726 3941 ἕδωκες
746 3893 773 3937 v.
797 3893 823 3936 o.
851 3869 916 3950 μῡῢ
943 3861 978 3930 ri>
1005 3867 1114 3940 ’δωκες
1141 3866 1224 3933 mailli

117 3999 185 4064 boc
199 3997 332 4064 dedisti.
377 3998 429 4062 Ex
442 3994 739 4081 Ptochoprodromo
761 3995 810 4054 rei
832 3993 1009 4056 firmandae
1032 4012 1127 4055 causa
1144 3991 1224 4054 haec

112 4130 209 4209 juvat
237 4122 384 4208 exempla
414 4119 566 4202 allegare.
629 4116 700 4178 Lib.
724 4115 751 4176 1.
774 4134 803 4175 v.
827 4111 879 4176 63.
907 4112 1024 4195 legitur
1052 4101 1145 4178 αὐτὸς
1174 4131 1222 4186 ps.
