2684 4740
353 445 355 448 ⁴
407 420 512 491 blanda,
530 419 578 477 sed
596 439 611 476 e
629 418 725 490 medio,
744 429 921 497 consuetaque
939 420 1018 477 verba
1036 419 1140 498 puellae
1210 493 1213 501 ,

407 529 533 594 Scribite,
551 529 681 582 sermonis
697 525 803 603 publica
821 525 903 582 forma
920 525 1021 600 plaert3

206 660 268 736 ubi
287 657 441 761 publico
466 657 642 731 sermonis
668 655 779 730 forma
805 666 862 730 est
888 682 978 754 quae
1004 655 1088 733 alias
1114 658 1312 756 popularis

206 801 360 869 vocatur.
409 787 558 863 vNomen
592 787 660 861 boc
690 814 857 863 versuum
888 785 976 860 illud
1007 813 1136 890 genus,
1168 789 1311 890 dequo

207 923 344 1021 loquor,
370 919 515 1018 accepit,
534 920 632 1027 quod
650 921 685 992 in
703 920 747 994 iis
766 919 975 1020 syllabarum
995 919 1188 1018 quantitas,
1208 944 1310 1020 qnam

207 1053 319 1129 solam
344 1050 480 1150 antiqui
504 1054 634 1150 poetae
664 1052 701 1124 in
734 1053 896 1127 versibus
927 1051 1124 1151 pangendis
1156 1077 1311 1153 sequun-

204 1196 274 1276 tur,
310 1209 383 1258 non
417 1183 642 1273 observatur,
681 1209 722 1257 ac
757 1184 860 1259 valde
896 1182 1078 1282 probabile
1110 1193 1182 1273 cst,
1219 1185 1310 1259 omni

166 1373 167 1376 ,
206 1343 294 1393 aero
318 1314 461 1416 plebem
491 1340 653 1414 graecam
678 1315 863 1414 ignorasse
897 1315 1110 1412 prosodiam.
1165 1314 1308 1390 Etenim

206 1474 279 1521 non
304 1444 419 1520 solum
445 1443 585 1521 diversa
611 1455 795 1544 poetarum
821 1471 950 1544 genera
981 1445 1049 1520 hac
1079 1445 1116 1520 in
1147 1472 1188 1521 re
1220 1448 1310 1523 inter

208 1603 249 1651 se
274 1577 428 1666 differre,
453 1574 518 1649 sed
545 1574 621 1649 aliis
654 1575 758 1650 etiam
784 1576 1004 1675 temporibus
1030 1577 1114 1652 alias
1146 1581 1309 1655 mutatio·

205 1735 272 1784 nes
297 1707 414 1808 legum
440 1706 727 1807 prosodiacarum
754 1710 1007 1808 exstitissc,·ac
1026 1707 1186 1806 singulos
1206 1712 1308 1787 etiam

206 1849 332 1942 poetas
357 1836 467 1912 multa
493 1837 624 1912 habere
649 1837 837 1937 peculiaria
856 1840 1043 1930 neminem,
1069 1866 1177 1940 quem
1199 1840 1309 1941 fugiat

207 1997 289 2046 esse
314 1970 474 2061 arbitror.
524 1966 618 2067 Quis
644 1994 730 2042 vero
755 1969 896 2074 plebem
921 1979 992 2043 tam
1023 1970 1164 2046 doctam
1197 1974 1309 2051 fuisse

205 2111 318 2203 putet,
342 2111 385 2175 ut
410 2124 501 2200 quae
527 2100 621 2200 apud
653 2100 811 2202 singulos
843 2111 968 2201 poetas
1000 2103 1218 2203 singularum
1249 2134 1310 2185 vo·

205 2260 285 2308 curn
316 2232 496 2333 quantitas
530 2233 593 2323 sit,
628 2233 778 2311 scivisse
809 2233 926 2308 dicat?
979 2235 1092 2309 lmmo
1123 2235 1308 2312 indoctum

202 2364 331 2466 vrdgus
355 2363 410 2438 sic
435 2362 589 2436 carmina
613 2388 677 2437 sua
701 2365 849 2440 finxisse
873 2365 1024 2456 videtur,
1049 2376 1089 2441 ut
1111 2394 1184 2442 non
1203 2369 1310 2468 sylla-

205 2495 326 2570 barum
352 2493 604 2594 quantitatem,
636 2495 699 2569 sed
732 2506 917 2570 accentum
947 2524 1105 2572 normam
1137 2522 1308 2599 sequere·

195 2637 272 2718 tur,
297 2625 355 2701 eni
380 2606 538 2728 opinioni
567 2627 734 2704 versiculi
766 2627 909 2728 quidam
948 2631 1042 2731 apud
1079 2629 1306 2707 Athenaeum

202 2759 364 2861 aliosque
388 2759 634 2862 suffragantur.
683 2761 741 2836 Ex
766 2788 839 2862 quo
864 2762 959 2836 enim
984 2763 1117 2837 musica
1136 2758 1194 2838 ars
1212 2766 1307 2866 apud

200 2893 362 2969 Graecos
398 2892 588 2966 multorum
625 2892 778 2988 ingeniis
816 2893 955 2966 exculta
992 2893 1036 2965 ad
1059 2895 1305 2994 perfectionis

202 3020 381 3122 quoddam
405 3019 584 3118 fastigium
608 3018 761 3091 adducta
787 3029 852 3108 est,
879 3008 1050 3097 certiores
1081 3024 1117 3097 in
1144 3032 1306 3116 carmini-

200 3153 268 3231 bus
293 3148 483 3255 prosodiae
507 3150 607 3250 legcs
633 3175 715 3224 esse
740 3163 945 3252 coeperunt,
969 3183 1062 3256 quae
1088 3184 1168 3232 curn
1185 3163 1307 3264 negle-

200 3295 259 3360 cta
294 3284 361 3358 bac
397 3295 474 3360 arte
516 3293 663 3383 postero
700 3292 861 3386 tempore
901 3315 1027 3364 rursus
1070 3308 1306 3399 evanuerunt

200 3414 303 3494 Sexti
326 3416 475 3493 forsitan
501 3424 586 3516 post
610 3413 694 3491 Chr.
719 3444 753 3491 n.
779 3419 911 3493 saeculi
935 3427 1021 3490 sunt
1044 3443 1170 3491 uersus
1195 3418 1308 3501 hena.

199 3550 305 3626 metri
330 3575 350 3623 a
372 3547 652 3624 Montelalconio
677 3545 928 3648 Palaeograpb.
947 3544 968 3619 l.
987 3549 1018 3619 3.
1042 3549 1165 3658 peno
1191 3553 1304 3650 citati,

197 3680 236 3754 in
269 3674 400 3781 quibus
430 3680 632 3781 posthabita
664 3677 875 3777 syllabarum
901 3679 1098 3780 quantitate
1129 3698 1301 3765 accentus

197 3808 355 3912 rhythmi
378 3811 644 3887 fundamentum
669 3817 735 3883 est.
783 3807 919 3885 Eorum
944 3822 1072 3902 autem,
1099 3814 1161 3913 qui
1185 3843 1299 3921 popu-

196 3942 329 4019 laribus
353 3943 599 4045 hujuscemodi
628 3941 793 4020 versibus
826 3943 985 4019 iambicis
1017 3956 1180 4044 poemata
1211 3955 1299 4027 scri·

196 4087 356 4177 pserunt,
380 4071 650 4177 antiquissimus
674 4074 826 4150 habetur
849 4074 1005 4165 Psaltes,
1032 4079 1095 4176 qui
1120 4077 1212 4152 circa
1237 4108 1299 4155 an-

193 4234 279 4287 num
318 4211 412 4283 1050
449 4218 534 4309 post
564 4206 649 4283 Chr.
687 4234 722 4283 n.
779 4207 919 4282 Cantici
950 4208 1165 4284 canticorum
1196 4238 1298 4312 para,
