2684 4740
1075 239 1157 292 xttlr

56 429 128 505 que
154 431 173 478 a
199 401 347 485 Graecis
372 428 491 502 neque
516 402 559 476 ab
578 402 782 504 alienigenis
806 406 851 480 de
868 407 1031 482 citeriore
1047 407 1158 484 Grae·

56 539 164 611 ritate
190 537 361 637 scriptum
386 543 507 609 nostra
532 534 613 608 tulit
637 546 745 626 actas,
770 537 836 612 scd
861 565 986 641 magna
1004 566 1088 639 pars
1104 567 1158 615 re·

54 695 134 744 rum
160 695 179 741 a
206 667 322 742 Corae
353 667 590 767 expositarum
625 668 788 743 inchoata
820 671 931 769 magis
963 697 1068 771 quam
1099 673 1159 747 ab·

13 880 20 891 ,,
55 801 172 876 soluta
199 809 264 875 est.
312 799 439 899 Itaque
464 798 533 872 hoc
558 824 667 898 opere
697 799 774 876 aliis
805 801 985 877 scribendi
1014 772 1157 879 faculta-

54 943 129 1008 tem
153 959 226 1008 non
256 933 459 1033 praeripuit,
484 929 551 1044 sed
579 932 752 1030 praebuit.

200 1063 259 1139 Ex
281 1065 341 1155 iis,
375 1090 467 1164 quac
491 1061 537 1135 de
561 1060 754 1139 lexicornm
779 1063 1156 1164 grammaticorumquc

54 1195 227 1270 librorum
243 1195 363 1269 indole
381 1194 470 1279 dixi,
486 1194 661 1292 consequi
684 1193 859 1280 existimo,
882 1204 925 1268 ut
949 1220 1097 1296 magnus
1122 1197 1160 1269 in

55 1325 127 1398 hac
151 1324 335 1399 doctrinae
353 1335 454 1425 parte
466 1322 567 1397 labor
579 1323 683 1398 etiam
697 1349 792 1398 nanc
816 1322 931 1399 doctis
957 1324 1160 1403 hominibus

54 1456 202 1531 relictus
221 1457 277 1531 sit
303 1455 449 1544 Verum,
467 1464 508 1530 ut
527 1455 681 1531 breviter
705 1456 829 1546 dicam,
854 1455 941 1556 quid
965 1457 1160 1558 fieriopor·

57 1599 140 1679 teat,
153 1588 331 1686 Ducangii
351 1586 573 1663 Glossarium
591 1588 644 1663 sic
661 1589 788 1663 iterum
801 1586 977 1662 edendum
995 1599 1094 1688 puto,
1119 1600 1160 1665 ut

55 1720 218 1794 excussis
246 1719 364 1794 denuo
392 1744 481 1817 quos
508 1730 633 1792 auctor
656 1746 741 1817 prae
766 1720 927 1795 manibus
952 1719 1076 1794 habuit
1097 1748 1159 1797 co·

56 1851 385 1942 dicibosParisinis,
397 1851 546 1926 sublatis
573 1851 736 1924 omnibus
763 1853 840 1949 ejus
865 1850 1005 1926 mendis
1030 1850 1159 1929 additis

55 2010 126 2084 que
138 1983 319 2061 vocabulis
347 1993 383 2058 et
409 1981 577 2082 loquendi
603 1981 802 2080 generibus
829 2009 920 2082 quae
945 2008 1040 2057 nnnc
1065 1982 1160 2083 apud

54 2115 215 2190 Graecos
245 2115 283 2187 in
318 2140 389 2189 usu
419 2125 503 2190 sunt
535 2122 573 2186 et
598 2138 690 2212 quae
714 2111 809 2210 apud
840 2123 1003 2188 auctores
1032 2140 1054 2188 a
1083 2114 1161 2189 Du·
1239 2180 1244 2185 .

54 2245 181 2344 cangio
210 2271 283 2319 non
315 2245 428 2319 lectos
460 2243 704 2332 inveniuntur,
734 2241 926 2318 thesaurus
955 2242 1092 2351 mediae
1124 2254 1161 2321 et

53 2375 211 2450 recentis
229 2375 443 2451 Graecitatis
462 2375 499 2448 in
522 2375 739 2449 eruditorum
754 2374 935 2451 hominum
955 2402 1060 2453 usum
1077 2402 1161 2453 con·

54 2517 223 2582 struatur.
285 2506 395 2608 Quod
429 2508 628 2607 negotium,
660 2517 702 2583 ut
734 2507 833 2584 docti
868 2506 1051 2584 Gallorum
1083 2509 1159 2600 viri,

55 2640 185 2740 quibus
210 2640 362 2714 istorum
387 2639 549 2713 codicum
581 2639 682 2738 copia
714 2650 788 2727 est,
819 2640 1025 2737 suscipiant,
1054 2639 1161 2717 rehe-

53 2779 195 2843 mcnter
220 2779 394 2866 optamus.
449 2768 490 2841 si
516 2767 596 2864 quis
627 2792 713 2841 vero
746 2767 1020 2840 Grammaticarn
1049 2767 1162 2867 plrilo·

54 2900 171 2998 logias
197 2898 314 2986 statui,
342 2895 455 2997 qualis
481 2906 607 2970 nostro
632 2907 793 2997 ternpore
826 2906 898 2987 est,
929 2907 1047 2997 aptam
1078 2923 1162 2972 con-

55 3029 214 3106 scribere
238 3028 344 3119 volet,
370 3028 403 3102 ei
428 3054 499 3102 non
517 3027 632 3102 solum
650 3038 833 3129 quotquot
847 3041 1042 3131 supersunt
1057 3029 1161 3125 scho-

55 3162 194 3250 liastae,
222 3150 461 3260 Grammatici,
497 3161 738 3262 lexicographi
761 3171 903 3266 veteres
936 3188 979 3236 co
1011 3161 1160 3237 consilio

56 3291 303 3395 pervolutandi
329 3303 423 3383 sunt,
447 3302 488 3367 ut
514 3318 605 3393 quae
629 3292 679 3385 illi
711 3293 756 3367 de
787 3293 960 3369 sermonis
992 3293 1091 3369 vitiis
1124 3304 1161 3369 et

57 3425 102 3499 de
127 3424 264 3526 vulgari
286 3424 460 3525 loquendi
485 3425 743 3500 consuetudine
774 3423 898 3498 dicunt
927 3424 1011 3498 inde
1041 3450 1161 3500 excer-

56 3565 128 3656 pat,
153 3556 220 3631 sed
246 3556 350 3630 etiam
375 3557 626 3657 inscriptiones
651 3558 818 3657 antiquae
843 3566 880 3632 et
904 3556 1054 3633 maxima
1071 3559 1160 3633 anti·

59 3687 205 3789 quitatis
244 3714 286 3762 ac
323 3689 430 3762 medii
463 3689 540 3766 aevi
576 3689 791 3789 scriptorum
826 3712 910 3791 pars
945 3689 1082 3764 intente
1112 3688 1162 3764 le·

59 3817 175 3920 genda
201 3829 266 3893 est.

206 3950 401 4050 Equidem,
443 3977 487 4024 ex
531 3979 604 4053 quo
641 3951 796 4052 vulgaris
832 3950 1006 4027 sermonis
1044 3953 1162 4051 graeci

60 4083 315 4184 praestantiam
339 4083 499 4183 cognovi,
526 4094 563 4158 et
589 4093 722 4183 quanto
747 4081 807 4155 ille
832 4083 1054 4183 antiquarum
1070 4082 1165 4156 litte-

17 4272 23 4278 -
59 4242 179 4292 rarum
210 4214 382 4292 studiosis
413 4215 592 4317 praesidio
619 4225 656 4290 et
685 4212 874 4288 commodo
905 4214 955 4291 sit
989 4210 1165 4315 perspexi,
