2684 4740
1168 167 1234 241 135

130 365 168 420 ot
197 349 252 420 hio
280 354 391 419 Zenus
419 348 532 435 ρίμωιν
560 356 729 437 scriberet,
757 377 837 440 quoe
864 377 927 422 vox
949 361 1081 424 eundem
1104 365 1229 445 quidem

129 498 240 544 versus
262 479 385 543 exitum
407 480 539 565 praebet
561 497 653 560 quem
674 471 804 560 λίμνην,
831 481 887 544 sed
910 501 930 545 u
951 485 1112 548 sententio
1132 487 1228 572 poulo

128 600 270 667 alienior
292 612 351 666 est.
383 600 554 688 Appellat
569 613 676 666 eutem
689 614 801 668 noster
816 595 939 684 ῥίμννμι,
958 617 1129 694 propterea
1144 608 1229 688 quod
1281 617 1286 624 ’

126 724 159 789 ei
180 716 293 805 λίμνην
314 708 459 812 opponit,
481 731 611 789 terrum
631 724 855 792 continentem
872 726 923 792 vel
940 730 1072 793 omnino
1085 736 1225 793 terrum.

126 847 269 912 Proinde
292 847 426 911 Crusius
448 869 515 912 non
536 852 617 914 bene
640 851 779 914 reddidit
801 851 865 913 iste
887 852 984 914 verba
1002 838 1101 933 ἔφυγε
1118 847 1155 912 ἐκ
1170 837 1225 927 τὴν

124 960 351 1057 §tremesagio
372 989 391 1035 e
412 967 488 1035 vico
510 991 569 1038 sen
590 969 757 1037 statione.-
785 971 939 1036 vertendo
960 972 1047 1037 enim
1072 984 1149 1038 sunt
1160 969 1225 1061 su·

121 1087 176 1178 git
197 1111 217 1156 e
237 1100 344 1157 terro.
666 1099 669 1103 “

258 1213 301 1276 V.
325 1214 401 1278 372.
445 1204 595 1294 σκουτάρι
618 1214 757 1300 explioni
778 1216 820 1279 ed
842 1235 924 1279 vers·
947 1213 1022 1280 223.
1051 1249 1094 1263 -
1124 1205 1225 1296 ἕρῤηξε

125 1352 196 1397 nor.
220 1336 306 1422 verbi
328 1336 518 1400 recentioris
539 1324 646 1414 ῥήχιω
672 1335 722 1401 vel
743 1323 858 1415 ρήκτω,
880 1338 962 1418 quod
991 1338 1103 1403 eodem
1130 1340 1224 1402 modo

122 1475 174 1520 ex·
187 1445 323 1538 ῥήγνυμι
344 1469 381 1522 nt
401 1451 517 1530 ὃείχνω
539 1479 580 1521 ex
595 1451 738 1540 δείκνυμι
756 1461 925 1525 formatum
940 1471 999 1524 est.
1032 1459 1100 1525 Sed
1115 1481 1223 1543 quem·

121 1578 171 1642 vis
194 1578 304 1642 eedem
327 1579 478 1663 analogio
499 1579 535 1643 in
558 1577 611 1642 his
632 1582 736 1645 verbis
759 1583 819 1662 sit,
841 1583 948 1647 differt
977 1593 1085 1648 tumen
1116 1574 1222 1663 ἁήχυω

120 1701 154 1766 vi
175 1712 208 1764 et
229 1711 387 1789 potestate
409 1722 431 1765 o
450 1713 593 1766 veterum
614 1691 758 1783 ῥῆᾳηωμι.
789 1703 919 1769 Etenim
932 1706 990 1769 rub
1006 1708 1102 1771 verbo
1114 1696 1221 1785 ῥήχνω

120 1823 234 1890 endem
260 1843 348 1888 nuno
376 1824 538 1888 sententie
565 1825 708 1906 subjecte
735 1836 799 1902 est,
823 1845 903 1908 quoe
924 1828 983 1888 sub
1005 1818 1112 1904 ῥίπτω,
1140 1846 1220 1908 quoe

119 1967 172 2012 rer
194 1946 323 2011 induxit
344 1945 529 2027 nonnullos,
553 1958 589 2008 ut
610 1945 694 2008 mele
716 1949 894 2011 seriberent
914 1939 1030 2026 ῥίχυω,
1051 1947 1222 2033 opinantes

118 2070 253 2150 scilieet,
278 2071 359 2151 quod
382 2069 528 2154 ineptum
549 2078 615 2148 est,
638 2065 733 2152 hujus
755 2069 926 2133 locutionis
954 2068 1081 2133 natales
1108 2071 1148 2133 eh
1178 2059 1221 2148 ὀί·

117 2210 203 2254 πτειν
218 2193 322 2279 repeti
341 2192 464 2256 debere.
493 2191 564 2256 Hoo
586 2191 686 2275 igitur
707 2180 813 2269 ῥήχνω
834 2211 893 2278 pro
909 2188 973 2253 looi
988 2202 1105 2253 notura
1113 2181 1221 2276 jacio,

117 2311 280 2402 conjicio,
309 2310 436 2399 adjicio
462 2314 544 2377 verti
569 2323 684 2399 potest.
742 2313 792 2378 Gi.
823 2312 898 2378 Cor.
928 2308 1044 2375 ’Arnon
1072 2312 1163 2377 Tom.
1186 2313 1221 2379 11

116 2460 150 2528 p.
173 2435 249 2504 319.
272 2469 316 2488 -
340 2426 479 2513 dodonae
506 2456 574 2499 nor.
596 2436 662 2498 ind.
686 2436 773 2500 verbi
795 2426 920 2513 ἄπηὸὤ,
947 2456 1009 2517 quo
1037 2436 1220 2521 vulgus-uti

116 2559 203 2626 solet
229 2580 288 2647 pro
316 2557 418 2636 πηδῶ,
449 2558 532 2639 qnod
564 2559 730 2638 antiquom
763 2558 1037 2640 signifiootionem
1072 2561 1217 2625 retinuit.

118 2684 215 2760 Quod
236 2683 394 2764 reliquum
418 2691 477 2760 est,
500 2701 524 2738 α
547 2681 582 2741 in
604 2670 714 2753 ἁπηδῶ
736 2676 817 2739 illud
838 2697 908 2740 esee
929 2691 1028 2763 petet,
1052 2682 1135 2760 quod
1152 2682 1220 2744 rive

116 2803 344 2892 euphonioum‚
372 2805 441 2868 sive
470 2801 714 2888 pleonestioum‚
743 2816 857 2862 tooure
883 2797 970 2878 lieet,
1001 2797 1092 2879 quale
1114 2800 1221 2863 estin

70 2909 72 2916 ’
117 2914 278 3003 ἄσταχυς,
297 2917 452 3006 ἅσπαίρω,
467 2912 629 3006 duremort,
651 2920 787 3002 aliisque
809 2920 949 3003 antiquis
971 2921 1111 3003 vocibus,
1142 2939 1218 3004 qne·

115 3068 192 3115 rum
214 3047 289 3114 loeo
307 3059 339 3114 et
359 3037 492 3125 στάχυς,
514 3038 646 3127 exculpe,
668 3031 799 3125 mequod
821 3045 1034 3130 reperiuntur.

207 3184 213 3196 ‘
250 3171 294 3237 V.
317 3171 392 3238 373.
437 3159 577 3231 ououdvo
604 3161 792 3254 interficio,
813 3162 941 3228 occido.
993 3165 1053 3230 ste
1069 3170 1140 3250 jorn
1161 3166 1220 3231 Ni·

116 3308 206 3361 oeten
228 3297 264 3359 in
284 3296 375 3359 Mun.
398 3294 453 3358 lib.
477 3293 497 3358 6
520 3313 606 3356 num.
630 3288 651 3355 4
673 3284 703 3351 οἱ
724 3280 759 3350 δὲ
780 3285 889 3349 τοῦτον
910 3274 1125 3358 σκονῶσαντες
1144 3280 1219 3367 Πέρ-

115 3439 185 3481 σαι.
229 3417 362 3482 Nemini
385 3418 514 3482 dubium
536 3415 638 3478 videri
659 3423 780 3501 potest,
803 3389 881 3494 quin
903 3395 1043 3469 σκοτόυω
1069 3409 1109 3471 eh
1137 3409 1219 3471 enti.

116 3563 252 3629 quorum
279 3543 374 3608 verbo
403 3526 524 3600 σκοτὸω
552 3536 758 3600 derivandum
780 3534 833 3597 sit.
885 3531 981 3608 Quod
1009 3527 1084 3592 lioet
1105 3523 1220 3592 obscer-

84 3693 87 3696 ’
117 3661 225 3731 randi
246 3685 286 3730 no
306 3675 475 3752 praetereo
497 3655 664 3746 vertigine
691 3651 882 3744 occupandi
907 3653 1072 3717 notionem
1093 3651 1221 3729 hahent,

117 3799 228 3855 tumen
250 3786 345 3852 seoile
366 3783 576 3873 perspicitur,
600 3782 757 3864 quomodo
779 3778 940 3842 recentior
961 3775 1157 3861 significatio
1180 3797 1221 3839 ex
1265 3820 1266 3823 ,

117 3912 302 3995 antiquiore
325 3909 405 3974 oriri
428 3907 576 3993 potuerit.
616 3902 804 3968 Tenendum
821 3901 929 3981 etiem,
946 3901 1028 3983 quod
1041 3896 1221 3982 Hesyohius

116 4035 183 4102 uit:
208 4025 327 4112 Budroe,
352 4017 491 4111 ὄλεθρος,
513 4017 661 4100 θάνατος.
710 4024 760 4087 Cf.
784 4025 899 4088 Coruin
919 4004 1038 4082 'troie
1059 4015 1153 4086 Tum.
1173 4016 1221 4084 lv

116 4179 151 4247 p.
175 4153 251 4223 518.
