2684 4740
1103 217 1149 288 75

46 406 173 493 plebeja
195 406 309 490 lingua
332 404 521 491 aequiparat
543 407 747 486 antiquorum
768 408 1008 493 superlativum,
1033 412 1084 476 cui
1099 412 1152 475 ad-

42 533 176 613 junctus
199 541 249 592 est
271 528 437 592 articulus·
482 528 625 591 Proinde
653 532 748 592 verba
777 522 978 612 Ζωροάστρης
998 518 1038 608 ἦν
1060 527 1078 591 ὁ
1100 551 1153 593 σο.

47 640 188 730 pulsatos
211 648 275 715 ,τῶν
304 647 433 732 Περσῶν
459 652 506 714 sic
534 653 570 716 in
597 651 686 734 vulgi
712 673 891 718 sermonem
914 657 1154 719 transferuntur

49 763 250 855 Ζωροάστρης
276 758 350 849 ἦτον
376 766 393 832 ὁ
421 763 593 854 σοφώτερος
619 773 681 834 τῶν
707 775 845 857 Περσῶν.
903 778 1025 841 Eodem
1059 779 1154 841 modo

50 897 139 961 Galli
168 899 290 960 dicunt:
327 892 516 962 Zoroastre
544 894 629 960 e'toit
656 894 688 960 le
711 895 792 982 plus
818 919 904 985 sogc
932 898 993 964 des
1019 897 1154 966 Persea

48 1021 117 1085 Pro
138 1012 283 1101 μυρωδία
305 1019 395 1106 plebs
416 1030 450 1083 et
470 1011 617 1100 μυρωδιά
638 1022 821 1101 frequenter
844 1023 933 1084 dicit.

184 1143 226 1205 V.
250 1141 303 1207 74.
348 1135 485 1220 φέρνουν
507 1162 579 1205 cum
601 1163 621 1200 o
643 1142 775 1206 insitivo
797 1163 856 1228 pro
878 1137 1080 1223 nepotatio.
1104 1139 1157 1220 φέ.

48 1285 154 1345 ponor.
198 1264 269 1327 Hoc
290 1285 311 1322 u
333 1264 499 1325 insitivum
527 1264 562 1325 iu
584 1283 703 1346 magno
726 1267 894 1328 verborum
916 1285 1049 1329 numero
1071 1285 1158 1328 nune

49 1387 220 1472 reperitur.
268 1387 394 1471 Quippe
416 1385 578 1449 tritissimi
603 1407 680 1450 usus
701 1389 737 1450 in
759 1408 906 1452 sermone
928 1389 1055 1471 vulgari
1081 1399 1157 1451 suut

50 1503 134 1570 δέυω
155 1529 215 1596 pro
238 1500 310 1583 δέω,
331 1498 461 1587 uatum,
484 1509 567 1589 quod
590 1530 631 1573 ex
654 1502 770 1591 ἑπαίρω
792 1531 941 1575 manasse
963 1511 1103 1574 diximus
1117 1511 1158 1573 ad

52 1633 176 1715 dialogi
198 1651 279 1695 vers.
304 1627 347 1694 10
352 1674 363 1708 ,
392 1618 554 1711 oooepdoo
581 1652 640 1717 pro
663 1622 822 1714 φανερόω,
851 1654 945 1715 quam
972 1634 1158 1717 analogiam

53 1776 141 1819 nunc
154 1756 263 1818 omnia
280 1755 375 1816 verba
391 1753 544 1816 similiter
558 1752 636 1816 olim
651 1756 825 1817 terminata
841 1767 1023 1836 sequnntur,
1037 1749 1160 1836 γδέρνω

53 1898 113 1964 pro
141 1863 256 1956 ἑκδέρω
284 1885 317 1938 et
338 1875 404 1938 alia
426 1876 577 1960 plurima.
629 1876 669 1938 ln
691 1889 878 1941 transcursu
900 1896 1026 1956 moneo,
1048 1887 1160 1938 notum

54 2000 136 2063 illud
170 2001 377 2080 antiquorum
410 1997 597 2060 vocabulum
632 1988 727 2078 φερνή
761 1999 944 2062 testimonio
981 2018 1062 2078 esse,
1090 2000 1162 2080 jam

57 2123 136 2185 olim
164 2122 250 2208 apud
278 2132 401 2184 veteres
430 2123 559 2183 verbum
581 2112 886 2200 peponexstitisse,
909 2139 1098 2201 quamquam
1119 2119 1161 2182 Η.

57 2242 248 2330 Stephanus
276 2242 357 2304 illud
384 2243 421 2304 in
448 2241 616 2304 Thesauro
645 2243 768 2323 omisit,
800 2243 974 2307 Passovius
996 2253 1104 2307 autem
1127 2243 1163 2305 in

57 2366 166 2429 lexico
200 2365 329 2429 dubium
361 2385 432 2427 csse
465 2365 521 2427 ait.
569 2360 625 2445 Cf,
655 2367 685 2429 si
713 2368 777 2448 vis,
808 2364 947 2430 Coraem
973 2367 1015 2430 ad
1036 2365 1163 2431 Heliod.

59 2510 92 2576 p.
118 2486 184 2552 220
205 2498 237 2551 et
259 2488 301 2550 ad
322 2486 488 2550 Plutarch.
512 2489 603 2552 Tam.
627 2490 662 2553 Il
683 2512 713 2576 p.
739 2472 814 2556 lot.
838 2527 882 2538 -
904 2488 956 2566 τῆς
970 2477 1090 2560 ''lodcac
1112 2509 1164 2552 ac·

59 2623 156 2676 centu
176 2623 309 2698 propter
330 2621 467 2672 metrum
489 2622 628 2673 retracto
651 2630 711 2695 pro
730 2604 854 2679 Ἰνδίας.
897 2613 975 2674 Vid.
990 2623 1103 2674 notata
1124 2610 1166 2672 ad

60 2735 184 2816 dialogi
211 2750 294 2794 vers·
324 2729 355 2791 5.
407 2731 501 2804 Quod
528 2731 613 2814 apud
642 2729 792 2791 Crusium
820 2741 870 2792 cst
897 2729 949 2804 tipo
967 2717 1068 2789 ''Iorco
1088 2729 1167 2790 scri·

60 2869 176 2943 pturac
199 2850 348 2914 mendum
371 2850 511 2929 videtur,
533 2851 600 2913 nisi
628 2851 712 2914 sorte
742 2851 851 2915 Zenus
877 2847 929 2927 ripa
947 2836 1063 2920 ''Imcos
1090 2848 1168 2912 scri-

62 2977 140 3064 psit.
192 2971 259 3036 Sed
281 2974 439 3037 barbarae
460 2971 556 3056 hujus
585 2976 707 3036 formae
734 2972 890 3056 hodieque
912 2975 1088 3039 inusitatae
1115 2990 1168 3034 ne-

65 3101 188 3162 minem
210 3097 277 3160 scio
300 3104 472 3159 auctorem.
495 3131 539 3170 2-
561 3088 727 3176 ἀρτυσίαις
747 3097 833 3160 male
855 3098 1033 3186 redditura
1050 3094 1168 3158 Crusio

65 3214 293 3297 onomarchum
315 3209 463 3296 dprvoc'oo
484 3219 571 3281 enim
592 3216 809 3284 condimenta
837 3230 930 3295 sunt,
958 3237 1053 3299 quam
1082 3226 1169 3302 potc-

65 3335 183 3407 statem
204 3341 281 3404 huie
301 3339 458 3404 locutioni
470 3341 675 3412 ,tribuendam
691 3363 772 3425 esse,
787 3341 874 3408 haud
889 3339 1022 3405 difficile
1037 3338 1079 3404 ad
1094 3354 1170 3401 con·
1209 3352 1212 3356 ’
1239 3340 1243 3360 ’

62 3466 249 3550 jactandum
271 3465 341 3529 suit.

200 3586 244 3649 V.
268 3583 321 3651 75.
368 3573 468 3663 drapo
491 3598 523 3651 et
545 3574 653 3670 ἔφυγα
680 3590 794 3655 aoristi
815 3599 892 3654 suut
913 3584 1041 3670 ordgari
1062 3584 1172 3648 termi-

68 3713 202 3778 natione
225 3711 376 3773 instructi
398 3731 459 3796 pro
482 3698 597 3785 ἔτυχον
619 3723 654 3785 et
675 3699 803 3794 ἔφυγον.
852 3711 900 3776 At
926 3730 1002 3773 vero
1024 3728 1067 3772 ne
1089 3717 1171 3770 vete·

70 3837 160 3899 ribus
184 3833 310 3913 quidem
332 3831 516 3914 hujusmodi
537 3836 687 3914 aesinos,
711 3835 821 3915 quales
843 3843 919 3897 sunt
940 3819 1022 3910 εἶπα,
1042 3817 1175 3910 ἤνεγκα,

72 3945 161 4031 inea,
185 3941 273 4029 ἔκηα,
296 3941 426 4029 dcccco,
448 3965 481 4016 et
503 3956 595 4036 alios,
618 3959 673 4038 qui
694 3956 779 4041 apud
792 3954 963 4040 scriptores
980 3950 1175 4016 Alexandri-

70 4101 132 4143 nos
162 4088 195 4139 et
222 4077 423 4161 potissimum
453 4077 490 4138 iu
516 4075 820 4162 septuagintavirali
846 4075 964 4137 veteris
993 4071 1178 4137 testamenti

71 4199 288 4267 translatione
317 4207 464 4279 castam,
495 4198 624 4282 ignotos
652 4200 765 4280 fuisse,
794 4201 881 4261 inter
904 4180 1019 4258 v'orasses
1043 4198 1177 4254 constat.
