2684 4740
1111 210 1157 283 15

52 397 295 488 Saepenumero
307 398 342 463 in
354 394 547 486 profondum
560 399 770 480 deferebatur,
782 400 1158 483 (unde)rursmviriliter

54 531 239 612 calcitrans,
254 496 409 613 quantum
424 541 561 618 poterat,
578 541 610 594 et
625 549 749 596 sursum
765 533 899 599 redibat.
934 534 1160 620 [eluctabatm

54 628 141 726 b'ieri
164 682 236 727 non
255 672 392 748 poterat,
415 673 450 726 ut
472 663 643 727 redimeret
665 684 781 752 corpus
802 685 907 747 mum,

54 814 157 876 neque
181 806 217 856 ut
238 793 391 878 effugeret
413 807 558 876 mortem,
580 808 617 859 ut
638 810 842 861 conservaret
862 799 964 862 vitam
985 818 1085 863 auam.

56 926 224 1007 Tanquam
246 946 368 989 remum
392 928 427 990 in
450 947 531 1010 aqna
554 925 703 991 trahebat
724 930 858 994 caudam
879 947 983 1011 mam,

55 1069 88 1120 et
109 1058 186 1120 deos
208 1060 407 1144 precabatur,
430 1070 466 1122 ut
488 1060 644 1142 effugeret
664 1071 812 1123 mortem.

56 1187 169 1251 Verba
192 1187 273 1252 baec
294 1191 478 1276 proferebat
499 1189 595 1252 labiis
617 1188 814 1253 dolentibus:

58 1318 137 1382 Tali
159 1317 253 1380 modo
274 1320 383 1405 posuit
406 1337 487 1382 rana
508 1338 561 1383 mc

58 1450 94 1513 in
106 1418 273 1533 terposuo,
281 1449 542 1530 quemadmodum
553 1450 864 1539 imposuitluppiter,
871 1453 997 1535 quando
1004 1457 1105 1521 iaetus
1111 1470 1162 1522 est

58 1594 180 1661 taurus,
203 1590 236 1643 et
258 1599 340 1644 onus
361 1582 502 1668 suscepit
523 1581 559 1645 in
581 1580 731 1647 humeros
753 1604 829 1648 suos
850 1584 942 1650 illam

57 1713 230 1797 Europam,
254 1732 348 1793 quam
371 1724 522 1799 rapuerat
543 1734 561 1776 e
583 1709 732 1794 Sidonia,

59 1858 90 1911 et
112 1847 217 1910 maria
239 1844 367 1926 trajecit
388 1861 517 1926 magna,
540 1844 697 1928 pervim,
804 1888 809 1898 .

60 1990 154 2060 atque
177 1977 213 2039 in
235 1973 375 2038 insulam
397 1974 508 2038 eduxit
531 1973 647 2038 Cretae
671 1977 834 2056 continuo,

60 2108 212 2191 quoniam
233 2105 380 2192 Iuppiter
403 2103 458 2167 ille
481 2102 679 2168 admirabilis
702 2105 738 2167 in
760 2123 800 2166 ea
822 2103 996 2171 habitabat

60 2240 156 2303 Hunc
177 2253 359 2300 sermonem
382 2235 525 2311 induxit3
547 2243 580 2296 et
604 2235 686 2314 quod
707 2235 830 2321 incepit
851 2235 1011 2301 inclinare

62 2380 159 2454 eaput
179 2386 271 2430 suum
293 2365 451 2442 deorsum,
474 2374 508 2426 et
529 2381 570 2427 ex
591 2383 675 2445 aqua
697 2366 833 2446 bibere„

61 2500 122 2588 pili
143 2502 213 2581 ejus
234 2496 405 2561 madefacti
425 2506 511 2576 sunt,
534 2506 567 2559 et
588 2499 780 2579 gravitatem
802 2499 834 2564 ei
857 2503 1010 2580 lecerunt,

61 2634 207 2696 deorsum
229 2649 302 2692 eum
323 2626 516 2707 trahebant„
529 2628 565 2689 in
586 2628 744 2712 profundo
765 2632 936 2714 ponebant.

61 2761 187 2825 Vocem
208 2776 342 2844 parvam
364 2756 466 2817 voluit
486 2756 521 2852 vi
542 2755 697 2830 emittere,

63 2889 220 2979 paulatim
243 2907 282 2951 ae
303 2885 432 2948 tractim
454 2883 588 2961 dicabat,
611 2893 644 2946 et
665 2884 822 2948 submisse
844 2884 1039 2968 loquebatur.

61 3022 195 3086 Ranam
217 3018 443 3095 insectabatur,
468 3034 548 3096 quae
570 3013 656 3094 (erat
678 3035 775 3080 carisa

61 3155 113 3234 ut)
134 3154 237 3238 ipsum
259 3150 433 3233 conjiceret
455 3148 620 3233 insperato
641 3147 677 3210 in
700 3146 797 3210 talem
820 3150 996 3214 interitum.

62 3285 159 3350 Haud
180 3282 323 3365 effugies,
346 3281 461 3362 inquit,
484 3298 586 3360 neque
609 3276 790 3343 ullomodo
814 3279 928 3342 evades

63 3415 208 3481 Pessime
231 3409 466 3496 Physignathe,
488 3430 592 3492 neque
613 3411 711 3474 vitam
733 3409 897 3487 retinebis,

64 3547 120 3610 sed
141 3544 211 3608 lues
233 3554 368 3607 mortem
390 3542 475 3606 male
496 3552 529 3604 et
551 3543 674 3621 acerbe,

65 3699 103 3740 eo
126 3674 209 3758 quod
230 3693 282 3738 me
305 3675 429 3737 necasti
442 3672 620 3755 malitiose.

10 3824 24 3905 Β
64 3808 105 3871 In
129 3773 269 3870 humero
284 3817 340 3870 tuo
363 3825 414 3868 me
428 3804 584 3889 posuisti,
606 3805 698 3906 etin
720 3823 835 3886 aquam
858 3803 1031 3883 intravisti,

64 3950 160 4020 atque
182 3937 298 4001 deinde
319 3957 370 3999 me
392 3935 573 4015 deseruisti,
596 3947 631 3999 et
652 3947 688 3999 ut
708 3935 881 3999 suffocarer
895 3935 1064 4011 dimisisti.

63 4070 237 4132 Non·eras
259 4068 373 4131 melior
394 4087 446 4129 me
468 4086 618 4148 unquam,
640 4068 677 4130 in
699 4077 785 4129 terra
800 4075 843 4146 ,ut
864 4064 1011 4139 bellaces,

64 4211 99 4264 et
120 4210 157 4263 ut
177 4198 356 4280 luctatoris,
380 4199 465 4263 sicut
486 4217 555 4282 ego,
579 4210 612 4261 et
634 4199 799 4283 inpugna
821 4209 856 4258 ut
879 4196 1032 4256 vinceres.
