2684 4740
105 220 177 292 eto

108 413 278 470 Deminutiva
296 411 473 468 recentiorum
491 406 652 466 Graecorum
672 406 705 466 C.
724 407 758 464 ad
775 407 807 467 P.
824 427 850 466 v.
869 410 895 463 6.

20 592 24 599 Ι
109 519 248 595 Digumma
267 525 396 595 sequente
415 515 524 574 Gemma
541 514 575 574 0.
594 534 620 572 v.
639 514 683 572 65.

655 675 684 742 Ε

111 798 221 877 Ellipsis
239 798 354 856 nominis
371 796 464 871 sempr}
483 794 588 872 quaudo
606 813 659 851 uon
677 792 840 850 admittenda
858 791 893 851 G.
911 813 938 852 v.
957 795 1019 853 368.

656 940 683 1007 F

112 1062 249 1119 Feminina
267 1062 458 1137 adjectivorum
477 1062 686 1135 compositorum
704 1080 719 1116 a
737 1058 817 1134 vulgo
835 1057 946 1116 formata
966 1058 1000 1117 C.
1019 1058 1053 1115 aul
1072 1059 1101 1116 P.
1120 1081 1144 1119 v.
1160 1062 1195 1117 48.

113 1167 214 1225 Fiualis
231 1188 357 1226 versuum
373 1176 518 1225 concentus
537 1165 570 1226 C.
589 1164 623 1222 ad
641 1164 676 1223 D.
693 1184 719 1222 v.
737 1168 764 1226 8.

113 1273 290 1331 Fuscanetum
308 1274 366 1330 sive
383 1273 544 1330 iustanetum
563 1271 597 1328 C.
616 1269 648 1327 ad
666 1291 693 1328 v.
710 1272 773 1330 ³07.

112 1379 262 1437 fescanum
280 1380 337 1435 sive
355 1377 488 1434 iustanum
507 1376 542 1435 C.
560 1376 638 1434 adv.
656 1379 718 1434 307.

113 1484 242 1542 Futurum
259 1483 482 1561 periphrasticum
500 1482 569 1557 apud
588 1484 750 1539 recentiores
769 1480 802 1541 C.
822 1480 855 1538 ad
873 1481 904 1540 P.
923 1500 949 1541 v.
967 1482 1001 1537 et
1022 1491 1050 1537 et
1068 1484 1111 1540 92,
1133 1502 1155 1538 v.
1168 1482 1206 1537 141

150 1598 178 1643 et
195 1591 248 1646 282
266 1598 294 1643 et
310 1589 452 1663 praecipue
471 1606 497 1644 v.
516 1588 577 1641 468.

656 1728 685 1791 G

115 1846 225 1906 Gemma
243 1857 271 1903 et
288 1847 418 1922 digamma
436 1845 540 1904 litterae
558 1857 684 1923 cognatae
703 1845 737 1904 C.
756 1867 782 1906 v.
802 1849 846 1906 65.

117 1952 257 2012 Genitivus
275 1972 325 2030 pro
344 1952 435 2012 dativo
454 1952 488 2012 C.
506 1953 542 2011 D.
560 1972 586 2010 v.
606 1955 630 2011 1.

661 2097 678 2161 I

116 2217 255 2275 Inclinatio
273 2236 369 2275 vocum
387 2236 466 2294 quam
483 2217 535 2274 late
553 2225 641 2294 pateat
659 2217 687 2272 in
704 2213 807 2291 vulgari
824 2234 946 2273 sermone
965 2215 999 2274 C.
1017 2217 1054 2276 D.
1073 2238 1098 2276 v.
1119 2223 1140 2276 t.
1158 2189 1162 2199 .

117 2323 272 2398 imperativi
290 2324 391 2381 Aorist.
409 2333 461 2379 act.
479 2323 550 2399 apud
568 2325 730 2379 recentiores
749 2321 782 2380 C.
801 2321 833 2381 P.
849 2342 877 2380 v.
897 2326 939 2380 18.

85 2496 88 2503 Ι
117 2427 275 2504 imperfecta
294 2431 374 2487 aetiv.
393 2429 467 2486 verb.
486 2428 572 2500 baryt.
593 2430 621 2482 iu
639 2428 764 2484 inferiore
782 2429 924 2500 graecitate
944 2425 978 2483 C.
997 2427 1031 2483 ad
1050 2449 1077 2488 v.
1098 2432 1152 2488 127.

116 2532 249 2588 Infinitivi
266 2550 330 2587 usus
348 2534 376 2588 in
393 2517 542 2601 sententiis.
561 2533 659 2609 quibus
677 2532 759 2588 loturi
778 2531 844 2609 quid
861 2532 1015 2608 designatur
1034 2555 1059 2593 c.
1077 2556 1103 2595 v.
1120 2537 1175 2594 263.

651 2679 685 2741 N

117 2796 248 2854 Neutrum
269 2794 379 2875 pluralis
399 2798 503 2854 numeri
525 2796 717 2872 adjectivorum
740 2795 860 2855 adverbii
882 2796 970 2856 locum
989 2818 1124 2874 occupans
1141 2795 1171 2856 0.
1186 2793 1213 2852 ui

152 2921 180 2958 v.
197 2903 242 2971 oe,
260 2904 305 2970 nn,
324 2903 386 2960 eta.

117 3005 231 3062 Nomina
253 3014 346 3060 neutra
367 3005 505 3078 pluraliter
529 2985 663 3061 enuntiata
689 3026 750 3064 curu
778 3008 869 3066 verbis
897 3009 1069 3083 singulariter
1094 3007 1215 3088 expressis

153 3127 232 3184 qoem
250 3125 327 3163 usum
344 3105 415 3180 apud
432 3115 537 3164 veteres
555 3106 696 3164 habuerint
714 3108 748 3168 C.
767 3110 800 3167 ad
818 3130 845 3169 v.
865 3114 927 3168 464.

118 3212 283 3270 Nominativi
300 3230 396 3269 vocum
413 3214 561 3270 recentium
582 3233 616 3270 ex
634 3216 793 3274 accusativis
817 3218 982 3293 antiquarum
1005 3219 1117 3279 formati
1139 3218 1172 3279 G.
1192 3215 1217 3273 aul

153 3338 179 3378 v.
199 3321 244 3384 28,
264 3321 324 3374 106.

117 3423 304 3481 Nominativus
322 3422 461 3500 singularis
479 3422 666 3483 vocabulorum
683 3426 711 3483 iu
730 3451 753 3491 ις
772 3424 948 3486 desinentium
965 3451 981 3486 a
1005 3428 1087 3507 vulgo
1101 3408 1243 3490 interilum·

156 3529 214 3587 sine
232 3554 246 3594 ς
263 3527 390 3606 prolatus.
428 3527 461 3586 C.
480 3547 507 3587 v.
525 3530 586 3586 277.

660 3675 690 3738 P

119 3789 261 3867 Partieipia
279 3809 350 3868 pass.
369 3791 479 3847 barbare
497 3811 547 3866 pro
566 3800 616 3848 act.
635 3790 669 3851 C.
689 3792 723 3849 ad
740 3792 770 3853 P.
789 3815 815 3852 v.
836 3797 878 3852 13.

119 3893 258 3950 Passivum
276 3894 304 3950 iu
322 3893 404 3951 melli
421 3895 509 3954 locum
527 3897 700 3955 substitutum
719 3897 752 3956 C.
772 3899 806 3956 ad
823 3899 854 3959 P.
873 3920 899 3959 v.
920 3903 961 3958 ll.

118 3997 300 4057 Perleetoruru
316 4009 436 4058 veterum
453 3999 580 4078 reliquiae
598 4002 633 4062 D.
652 4023 678 4061 v.
698 4006 759 4063 376.

119 4104 409 4199 plusquamperfectum
426 4106 648 4185 periphrastieum
666 4109 700 4167 C.
719 4130 746 4167 v.
765 4112 825 4170 468.

117 4209 322 4272 Praeteritorum
340 4220 489 4290 temporum
507 4233 571 4272 usus
589 4212 623 4274 C.
641 4235 667 4272 v.
686 4216 746 4273 468.
