2684 4740
206 215 251 286 81

338 396 461 488 σκληρὰ
482 395 553 475 τοὺς
575 394 770 485 ἆποκρῖἓηκε
790 376 832 482 με
855 394 1053 483 άγριωμένον
1074 385 1156 476 ἦθος

171 568 174 583 ·
206 553 246 594 ex
269 530 433 611 Anonym.
457 527 496 589 de
517 525 648 612 Nuptiis
672 505 791 589 Thesei
813 525 869 587 lib·
893 522 914 587 3
937 524 1147 610 depromtum,
1171 523 1228 588 ubi
1249 543 1306 588 non

183 655 323 717 dicebat
351 651 415 715 dici
444 636 517 724 ἥβη.
567 648 678 728 Itaque
705 657 817 710 nostro
845 647 917 709 loco
947 647 1200 726 barbarismum,
1227 650 1305 730 cujus

205 786 334 863 praeter
356 771 557 836 Demetrium
582 770 706 830 Zenum
735 770 897 832 neminem
925 770 992 831 scio
1021 780 1205 849 auctorem,
1233 771 1305 832 inta-

207 910 293 960 ctum
321 895 446 974 reliqui.
496 891 586 954 Idem
614 891 700 953 inira
726 911 819 955 versu
847 889 913 955 440
941 892 1174 955 deminutivum
1203 894 1303 956 barba-

205 1039 277 1082 rum
300 1010 367 1096 βέλι
391 1014 489 1077 babet
510 1033 530 1076 a
552 1007 643 1091 βεἎος
663 1012 839 1075 deductum.
885 1015 977 1091 Quae
1001 1013 1136 1077 Crusius
1160 1014 1196 1076 in
1215 1015 1301 1078 inter-

204 1140 387 1227 pretatione
410 1135 464 1199 hic
486 1135 607 1222 posuit:
630 1130 806 1198 subridens
827 1133 974 1220 quodam
988 1143 1085 1222 gestu
1098 1132 1302 1221 pulchroin

206 1262 258 1325 bis
276 1260 482 1346 participium
496 1253 673 1320 subridens
694 1256 863 1320 delendum
885 1269 944 1336 est,
968 1269 1079 1344 utpote
1102 1278 1172 1321 non
1195 1259 1301 1322 dictum

206 1403 227 1447 a
254 1383 363 1460 Zeno,
399 1380 475 1442 licet
502 1380 538 1441 in
567 1376 743 1469 archetypo
771 1353 960 1444 *inveniatur
993 1370 1166 1460 μειδήσας,
1190 1381 1300 1463 reliqua

205 1523 334 1567 sensum
363 1500 506 1582 quidem,
538 1518 605 1562 non
637 1510 746 1562 tamen
773 1504 868 1565 verba
896 1502 1042 1565 reddunt.
1096 1502 1299 1578 Quamobrem

205 1624 311 1706 magis
334 1622 375 1685 ad
397 1621 541 1685 litteram
562 1622 611 1682 sic
637 1633 740 1684 verte:
763 1617 1024 1708 Physignothns
1040 1619 1189 1710 prrlchro
1210 1622 1300 1712 ipsius

205 1742 304 1810 modo
328 1743 359 1806 h.
384 1764 412 1806 e.
424 1738 576 1830 pulchro
599 1739 697 1806 modo
722 1739 829 1829 ipsius
846 1742 989 1837 proprio
1003 1751 1038 1808 et
1048 1743 1225 1831 pectiliari
1237 1744 1299 1811 Po

204 1864 415 1954 cdcrpngem
438 1862 588 1952 aspexit.

337 1989 379 2050 V.
406 1984 478 2054 106.
524 1978 675 2068 λέγοντας
696 2006 784 2051 nom.
806 1991 891 2073 sing.
914 2000 996 2076 part.
1023 2011 1130 2077 praes.
1159 2001 1222 2055 act.
1249 2011 1299 2078 pro

204 2105 317 2194 λέγων,
340 2129 435 2192 quam
456 2111 593 2173 formam
614 2129 655 2173 ex
677 2129 780 2174 accus.
802 2112 885 2195 sing.
913 2112 1022 2176 addito
1045 2136 1062 2183 ς
1084 2115 1200 2178 iactam
1223 2135 1297 2189 esse,

190 2254 270 2298 non
292 2233 421 2297 dubium
442 2241 499 2295 est.
545 2231 592 2294 ct.
615 2231 723 2296 adnot.
746 2234 787 2297 ad
808 2253 890 2297 vers.
913 2230 967 2298 28.
999 2214 1064 2298 'Ita
1085 2254 1300 2317 nuncquoque

202 2355 315 2438 vulgus
337 2340 444 2428 drame,
466 2348 617 2432 anteimus
638 2353 689 2415 vel
710 2351 887 2436 τιμοῦιαας,
907 2347 1089 2436 γράφοντας
1109 2379 1171 2444 pro
1192 2343 1245 2434 ὥν,
1257 2379 1299 2418 αι-

201 2472 281 2555 pedo,
302 2462 435 2554 γράφων
457 2474 544 2535 dicit.
595 2469 661 2537 Sed
683 2476 791 2560 priore
814 2487 956 2563 tempore
980 2453 1098 2543 Graeci
1119 2500 1218 2569 saepe
1236 2500 1295 2543 non

203 2595 364 2659 addebant
391 2617 421 2670 ς,
455 2597 545 2680 cujus
570 2572 622 2659 rei
649 2595 829 2684 exemplum
864 2602 997 2685 praebet
1023 2598 1214 2688 Stephanus
1243 2601 1298 2666 Sa:

201 2713 327 2780 chleces
349 2718 385 2780 in
406 2727 564 2803 poemate,
599 2718 681 2798 quod
702 2719 889 2783 inscribitur
910 2711 1036 2802 Γραφαὶ
1056 2713 1113 2782 καὶ
1137 2718 1231 2799 ςίχοι
1248 2714 1294 2785 καὶ

164 2828 173 2843 “
201 2832 357 2919 ἑρμηνεῖαι
364 2882 375 2915 ,
403 2825 447 2898 ἔτι
474 2829 531 2898 καὶ
557 2830 730 2920 ἀφηγήσεις
756 2841 857 2922 κυροῦ
883 2833 1040 2921 Στεφάνου
1066 2841 1122 2904 τοῦ
1151 2838 1292 2922 {antidea
1333 2828 1335 2833 Ι

200 2957 309 3021 Verba
332 2962 410 3040 ejus,
434 2977 513 3038 quaa
537 2959 658 3024 Coraes
680 2981 802 3045 quoque
824 2962 935 3029 laudat
949 2957 1008 3026 ’Aa
1029 2983 1096 3046 εομ.
1118 2954 1150 3046 β
1173 2972 1291 3052 Προλεγ.

199 3077 263 3136 σελ.
285 3064 328 3154 δ’,
350 3077 399 3140 sie
420 3098 455 3140 sc
477 3076 611 3143 habent:

328 3188 446 3279 Σιμόνει
468 3188 701 3284 φυλακάεορας,
723 3191 811 3278 τάχα
831 3223 863 3266 νε
883 3198 958 3288 πρὸς
979 3203 1088 3290 ε’μένα,

328 3311 391 3381 Καὶ
411 3314 507 3403 λέγει,
530 3313 594 3404 {proi
615 3315 686 3395 code
709 3313 805 3408 ἔφερα
825 3319 868 3388 vde
889 3320 928 3388 σέ
948 3325 1203 3414 παρηγορήσων,

281 3468 287 3482 ·
326 3433 517 3503 Πισεεύονια
537 3435 582 3505 cde
601 3440 647 3527 με’
664 3469 749 3533 pape
769 3442 870 3510 πολλοὶ
889 3439 1036 3533 μεγάλην
1056 3442 1155 3536 χάριν

194 3561 248 3624 ubi
269 3555 453 3624 sacredotum
473 3586 532 3653 pro
555 3556 707 3628 procedam
728 3572 948 3659 accipiendum
970 3595 1051 3658 esse,
1064 3578 1104 3640 ob
1121 3577 1189 3643 loci
1205 3593 1289 3647 natu

193 3699 264 3744 ram
290 3667 493 3752 manifestum
519 3699 577 3753 est.
633 3689 763 3756 Pariter
789 3705 901 3759 noster
926 3715 1009 3761 vers.
1037 3693 1290 3780 artatam

190 3801 327 3890 scripsit.

320 3923 362 3987 V.
387 3925 459 3991 107.
503 3930 556 3995 De
576 3933 747 4009 καυχᾶσαι
768 3937 808 4000 ci.
830 3957 911 4020 quae
931 3942 1113 4031 notavimus
1135 3945 1178 4010 ad
1192 3966 1223 4011 v.
1241 3944 1289 4014 35.

318 4044 457 4113 V·108·
502 4050 565 4123 πῶς
592 4054 756 4142 explebis
783 4064 1012 4129 consuetudine
1038 4085 1098 4152 pro
1124 4053 1189 4150 dam
1219 4089 1289 4157 pro·

186 4162 260 4227 inde
284 4163 416 4234 Crusius
438 4189 505 4235 non
527 4176 608 4239 bene
629 4177 727 4242 vertit
748 4181 923 4267 quomodo.
973 4185 1093 4253 Melius
1115 4189 1166 4256 sic
1187 4191 1288 4259 inter.
