2684 4740
200 194 269 266 118

189 388 251 454 'vel
269 378 418 468 ἐμβαίνω.
462 379 662 445 Eruditiores
675 370 794 455 ε’μβῶοι
811 386 967 462 usurpant
985 375 1154 457 antiquam
1173 375 1304 438 formam

201 511 386 576 retinentes.

333 627 378 691 V.
400 623 476 690 961.
521 615 668 704 πνιγοῢοι
690 640 750 708 pro
772 616 907 702 πνογῶοι
928 617 949 684 3
971 639 1056 706 pers.
1070 620 1123 708 pl.
1139 639 1212 685 aor.
1227 624 1303 704 oooj.

203 773 289 842 pass.
313 751 402 816 verbi
422 739 545 829 πνίγω.

336 870 380 934 V.
402 868 478 935 965.
523 857 567 929 voi
588 855 785 946 iopro'roopro
805 861 1005 953 periphrasis
1027 865 1144 948 futuri,
1175 878 1214 929 nt
1233 867 1301 930 ridi·

203 1014 275 1060 mus
296 993 338 1060 ad
360 1014 442 1075 vers.
465 988 518 1054 99.
1113 1074 1116 1080 ⁴

338 1115 381 1178 V.
404 1113 480 1180 966.
525 1101 676 1218 &senff
700 1112 722 1175 i.
741 1131 769 1174 e.
789 1101 942 1170 ἆπολείαν
961 1129 1004 1175 ex
1025 1112 1214 1194 synizeseos
1233 1112 1298 1197 legi·
1336 1136 1338 1183 ε

205 1244 275 1323 bus,
297 1239 355 1305 sed
376 1224 544 1314 ἀπώλειαν,
567 1237 599 1300 si
620 1233 823 1318 significatus
844 1235 1004 1298 rationem
1026 1231 1195 1298 habemus.

338 1359 381 1424 V.
403 1356 480 1422 267.
525 1351 645 1427 e’roo‘iroc
666 1357 843 1440 vulgariter
863 1377 922 1442 pro
943 1342 1040 1426 οὗτος.
1062 1390 1107 1404 -
1131 1344 1235 1435 ”merope
1249 1359 1267 1420 i.
1275 1379 1295 1418 e.

207 1471 337 1544 drawa.
381 1481 458 1544 Vid.
493 1478 535 1542 ad
567 1499 648 1543 vers.
685 1477 759 1542 119.
796 1513 840 1525 -
877 1469 993 1538 ὠωῢσι
1020 1480 1126 1542 forme
1149 1499 1294 1566 syncopen

206 1624 304 1693 passa
324 1622 384 1689 pro
406 1588 578 1675 ἀκούουσι,
601 1619 696 1681 quam
716 1599 801 1664 sieut
822 1597 905 1662 alias
927 1598 1022 1685 hujus
1044 1604 1180 1685 generis
1201 1602 1293 1684 vulgus

206 1722 355 1790 eelebrat.
400 1721 532 1785 Videsis
562 1721 699 1786 Coraem
726 1722 768 1785 ad
795 1719 1068 1809 Ptooh.p.104‚
1096 1706 1163 1789 133
1184 1735 1212 1787 et
1230 1720 1290 1786 131.

205 1845 266 1911 Est
294 1857 401 1913 autem
427 1836 545 1905 οἰκοῦσι
570 1855 682 1909 nostro
711 1844 782 1907 loeo
809 1863 963 1932 praesens
992 1844 1204 1927 historicum,
1228 1845 1292 1927 quod

207 1967 341 2033 Crusius
362 1970 504 2054 perfeeto
526 1967 675 2063 reddidit.

337 2087 380 2152 V.
404 2087 478 2155 968.
522 2082 736 2171 ἁρμαοωβοῢο
757 2090 860 2153 forma
874 2065 1017 2173 vulgaris
1032 2088 1053 2154 3
1069 2111 1156 2178 pers.
1173 2091 1215 2178 pl.
1227 2094 1292 2174 eooj.

206 2233 273 2280 aor.
297 2233 383 2302 pass.
405 2232 466 2300 pro
489 2204 733 2293 dopmosdor„
745 2212 828 2293 quod
849 2214 979 2298 verbum
1001 2211 1147 2299 explicui
1168 2215 1213 2279 ad
1227 2232 1291 2278 vers.

206 2334 283 2400 996.
316 2370 361 2383 -
394 2325 583 2411 dpddsooav
609 2352 677 2397 aor.
704 2353 788 2419 pass.
817 2334 906 2398 verbi
931 2324 1038 2414 βάνω,
1069 2306 1159 2418 duod
1182 2337 1293 2425 proprie

202 2452 352 2542 ponendi
372 2464 564 2542 potestatem
586 2452 692 2532 habet,
712 2472 821 2516 verum
842 2455 871 2517 si
894 2458 963 2539 ejus
981 2459 1150 2543 passivum
1161 2470 1293 2542 sequente

205 2570 249 2636 voi
271 2596 342 2640 eum
363 2576 576 2675 ¹oonjnnotivo
604 2585 790 2662 usurpatur,
824 2573 887 2640 hoe
919 2579 1107 2647 vocabulum
1142 2581 1295 2669 respondet

156 2737 160 2742 -
205 2700 272 2762 fere
301 2699 470 2763 Gallorum
497 2696 648 2779 loquendi
676 2697 848 2765 formulae:
875 2717 913 2763 se
938 2707 1060 2765 mettre
1082 2701 1126 2778 ὰ,
1149 2704 1235 2769 velut
1250 2703 1294 2767 hie

120 2899 122 2903 ι
204 2813 231 2880 v'
254 2813 470 2901 dpparosodv
492 2812 679 2899 indieoooo
701 2821 817 2905 gallice
838 2822 981 2886 sonabit:
1003 2818 1049 2886 ils
1076 2843 1114 2889 se
1143 2824 1295 2892 mireotd

203 2941 363 3015 s'armer,
390 2959 427 3004 se
455 2962 596 3005 armare
624 2952 814 3028 coeperant.
843 2978 887 2990 -
914 2932 948 3002 ad
975 2933 1111 3022 βόταυον
1140 2948 1294 3015 deteriori

206 3059 400 3150 Graecitatis
422 3080 501 3140 vox,
525 3080 605 3141 quae
628 3073 660 3125 et
681 3060 778 3126 hodie
806 3065 925 3129 usitata
947 3078 996 3129 est
1017 3063 1165 3136 herbam
1186 3072 1296 3158 signid-

204 3201 299 3262 cans,
328 3184 418 3267 eujus
439 3183 541 3247 vioem
569 3194 678 3247 tamen
705 3195 737 3247 et
766 3177 785 3260 ἡ
813 3175 931 3264 βοτάνη
959 3199 993 3251 et
1019 3178 1053 3249 ad
1075 3183 1229 3269 βοτάνιοο
1247 3195 1295 3278 (ri.

202 3323 230 3368 v.
255 3301 340 3382 101)
368 3305 573 3387 antiquorum
600 3325 693 3369 voees
720 3327 781 3394 pro
810 3310 968 3375 arbitratu
993 3310 1160 3394 loquentis
1181 3317 1297 3406 exploro

201 3437 345 3513 possunt.
376 3462 419 3475 —
450 3418 523 3487 ’ποῦ
544 3423 673 3512 quibus.
717 3426 776 3494 Sia
804 3432 892 3495 infra
917 3453 999 3498 vers.
1024 3431 1100 3504 968.
1138 3473 1186 3488 -
1223 3437 1297 3517 ζοῖοι

201 3549 222 3610 i.
243 3569 270 3611 e.
294 3545 378 3624 ζῶσι.
401 3584 446 3597 -

332 3669 374 3731 V.
395 3668 469 3737 969.
514 3661 630 3755 ηὕρασι
653 3673 793 3761 explicui
815 3697 842 3742 r.
866 3674 941 3745 997.

233 3778 236 3783 ’
330 3788 374 3852 V.
397 3790 471 3859 970.
516 3793 655 3903 sonipede
676 3772 730 3861 hio
751 3811 802 3863 est
823 3819 844 3865 a
866 3819 951 3866 nom·
975 3804 1059 3888 sing.
1083 3801 1236 3893 κοχλιός,
1256 3829 1295 3874 oo.

193 3913 249 3992 jus
270 3909 344 3976 looo
365 3924 489 3980 veteres
510 3909 642 3991 κοχλίον
662 3918 713 3986 vel
735 3910 851 3997 κόχλος
873 3924 1030 3989 dicebant.
1077 3932 1191 4007 Quum
1207 3935 1244 3998 in
1257 3950 1296 3998 ar·

198 4029 335 4124 ohetypo
369 4055 490 4119 quoque
517 4032 657 4114 κοσμίων
689 4042 747 4125 sit,
780 4046 882 4109 miror
913 4047 1062 4113 Cronium
1097 4053 1243 4130 κοχλιῶν
1266 4043 1297 4116 od
