<?xml version="1.0" encoding="UTF-8"?>
<!DOCTYPE html PUBLIC "-//W3C//DTD XHTML 1.0 Transitional//EN"
    "http://www.w3.org/TR/xhtml1/DTD/xhtml1-transitional.dtd">
<html xmlns="http://www.w3.org/1999/xhtml" xml:lang="en" lang="en">
 <head>
  <title>
</title>
<meta http-equiv="Content-Type" content="text/html;charset=utf-8" />
  <meta name='ocr-system' content='tesseract 3.04.00' />
  <meta name='ocr-capabilities' content='ocr_page ocr_carea ocr_par ocr_line ocrx_word'/>
</head>
<body>
  <div class='ocr_page' id='page_1' title='image "./demetriizenipar00mullgoog_0170.png"; bbox 0 0 2684 4740; ppageno 0'>
   <div class='ocr_carea' id='block_1_1' title="bbox 1120 207 1167 278">
    <p class='ocr_par' dir='ltr' id='par_1_1' title="bbox 1120 207 1167 278">
     <span class='ocr_line' id='line_1_1' title="bbox 1120 207 1167 278; baseline 0.043 -2"><span class='ocrx_word' id='word_1_1' title='bbox 1120 207 1167 278; x_wconf 84' lang='grc'>83</span> 
     </span>
    </p>
   </div>
   <div class='ocr_carea' id='block_1_2' title="bbox 54 386 1264 3150">
    <p class='ocr_par' dir='ltr' id='par_1_2' title="bbox 60 386 1166 595">
     <span class='ocr_line' id='line_1_2' title="bbox 60 386 1166 486; baseline 0.009 -35"><span class='ocrx_word' id='word_1_2' title='bbox 60 411 122 472; x_wconf 84' lang='lat' dir='ltr'>gus</span> <span class='ocrx_word' id='word_1_3' title='bbox 146 392 181 453; x_wconf 92' lang='lat' dir='ltr'>in</span> <span class='ocrx_word' id='word_1_4' title='bbox 204 389 266 453; x_wconf 89' lang='lat' dir='ltr'>hoc</span> <span class='ocrx_word' id='word_1_5' title='bbox 287 391 478 476; x_wconf 80' lang='lat' dir='ltr'>pronomine</span> <span class='ocrx_word' id='word_1_6' title='bbox 501 400 600 471; x_wconf 83' lang='lat' dir='ltr'>amat,</span> <span class='ocrx_word' id='word_1_7' title='bbox 622 390 756 477; x_wconf 82' lang='lat' dir='ltr'>perinde</span> <span class='ocrx_word' id='word_1_8' title='bbox 778 403 827 456; x_wconf 90' lang='lat' dir='ltr'>est</span> <span class='ocrx_word' id='word_1_9' title='bbox 841 404 936 475; x_wconf 86' lang='lat' dir='ltr'>atque</span> <span class='ocrx_word' id='word_1_10' title='bbox 960 386 1055 464; x_wconf 69' lang='lat' dir='ltr'>aiud.</span> <span class='ocrx_word' id='word_1_11' title='bbox 1078 398 1166 486; x_wconf 82' lang='lat' dir='ltr'>Lege</span> 
     </span>
     <span class='ocr_line' id='line_1_3' title="bbox 63 508 866 595; baseline 0.001 -21"><span class='ocrx_word' id='word_1_12' title='bbox 63 512 198 576; x_wconf 77' lang='lat' dir='ltr'>Davltlls</span> <span class='ocrx_word' id='word_1_13' title='bbox 221 515 353 594; x_wconf 74' lang='grc' dir='ltr'><strong>παραλλ.</strong></span> <span class='ocrx_word' id='word_1_14' title='bbox 375 509 427 588; x_wconf 65' lang='grc' dir='ltr'>τῆς</span> <span class='ocrx_word' id='word_1_15' title='bbox 449 508 508 574; x_wconf 63' lang='lat' dir='ltr'>abb.</span> <span class='ocrx_word' id='word_1_16' title='bbox 530 536 561 575; x_wconf 85' lang='grc' dir='ltr'>κ.</span> <span class='ocrx_word' id='word_1_17' title='bbox 583 537 633 595; x_wconf 69' lang='grc' dir='ltr'>γρ.</span> <span class='ocrx_word' id='word_1_18' title='bbox 654 516 704 595; x_wconf 72' lang='grc' dir='ltr'>γλ.</span> <span class='ocrx_word' id='word_1_19' title='bbox 727 516 791 574; x_wconf 66' lang='lat' dir='ltr'>aad.</span> <span class='ocrx_word' id='word_1_20' title='bbox 815 513 866 578; x_wconf 69' lang='lat'>25.</span> 
     </span>
    </p>

    <p class='ocr_par' dir='ltr' id='par_1_3' title="bbox 54 628 1166 2311">
     <span class='ocr_line' id='line_1_4' title="bbox 194 628 1166 723; baseline 0.013 -29"><span class='ocrx_word' id='word_1_21' title='bbox 194 628 274 705; x_wconf 75' lang='grc' dir='ltr'>ε’σεῖς</span> <span class='ocrx_word' id='word_1_22' title='bbox 305 636 357 699; x_wconf 89' lang='lat' dir='ltr'>vel</span> <span class='ocrx_word' id='word_1_23' title='bbox 389 636 455 706; x_wconf 77' lang='grc' dir='ltr'><em>σεΐς</em></span> <span class='ocrx_word' id='word_1_24' title='bbox 487 634 575 720; x_wconf 81' lang='lat' dir='ltr'>vulgi</span> <span class='ocrx_word' id='word_1_25' title='bbox 601 655 690 700; x_wconf 91' lang='lat' dir='ltr'>more</span> <span class='ocrx_word' id='word_1_26' title='bbox 716 657 775 723; x_wconf 88' lang='lat' dir='ltr'>pro</span> <span class='ocrx_word' id='word_1_27' title='bbox 804 639 936 720; x_wconf 89' lang='lat' dir='ltr'>antiquo</span> <span class='ocrx_word' id='word_1_28' title='bbox 963 632 1054 720; x_wconf 76' lang='grc' dir='ltr'><em>ὑμεῖς</em></span> <span class='ocrx_word' id='word_1_29' title='bbox 1079 662 1166 709; x_wconf 87' lang='lat' dir='ltr'>nunc</span> 
     </span>
     <span class='ocr_line' id='line_1_5' title="bbox 58 759 1164 846; baseline 0.008 -25"><span class='ocrx_word' id='word_1_30' title='bbox 58 769 242 844; x_wconf 88' lang='lat' dir='ltr'>usurpatur.</span> <span class='ocrx_word' id='word_1_31' title='bbox 287 759 399 841; x_wconf 86' lang='lat' dir='ltr'>Neque</span> <span class='ocrx_word' id='word_1_32' title='bbox 421 759 525 823; x_wconf 88' lang='lat' dir='ltr'>solum</span> <span class='ocrx_word' id='word_1_33' title='bbox 546 759 646 846; x_wconf 81' lang='lat' dir='ltr'>plebs,</span> <span class='ocrx_word' id='word_1_34' title='bbox 668 759 845 823; x_wconf 82' lang='lat' dir='ltr'>sedetiam</span> <span class='ocrx_word' id='word_1_35' title='bbox 866 760 999 846; x_wconf 85' lang='lat' dir='ltr'>plurimi</span> <span class='ocrx_word' id='word_1_36' title='bbox 1026 764 1164 830; x_wconf 90' lang='lat' dir='ltr'>erudito-</span> 
     </span>
     <span class='ocr_line' id='line_1_6' title="bbox 58 879 1163 968; baseline 0.009 -26"><span class='ocrx_word' id='word_1_37' title='bbox 58 900 133 942; x_wconf 89' lang='lat' dir='ltr'>rum</span> <span class='ocrx_word' id='word_1_38' title='bbox 155 879 216 943; x_wconf 87' lang='lat' dir='ltr'>has</span> <span class='ocrx_word' id='word_1_39' title='bbox 238 882 358 945; x_wconf 87' lang='lat' dir='ltr'>formas</span> <span class='ocrx_word' id='word_1_40' title='bbox 380 881 536 946; x_wconf 88' lang='lat' dir='ltr'>adhibent</span> <span class='ocrx_word' id='word_1_41' title='bbox 557 894 653 963; x_wconf 89' lang='lat' dir='ltr'>atque</span> <span class='ocrx_word' id='word_1_42' title='bbox 675 881 755 944; x_wconf 88' lang='lat' dir='ltr'>adeo</span> <span class='ocrx_word' id='word_1_43' title='bbox 778 882 814 944; x_wconf 91' lang='lat' dir='ltr'>in</span> <span class='ocrx_word' id='word_1_44' title='bbox 835 884 1003 947; x_wconf 87' lang='lat' dir='ltr'>scribendo</span> <span class='ocrx_word' id='word_1_45' title='bbox 1019 886 1163 968; x_wconf 83' lang='lat' dir='ltr'>frequen·</span> 
     </span>
     <span class='ocr_line' id='line_1_7' title="bbox 58 1000 1164 1083; baseline 0.007 -17"><span class='ocrx_word' id='word_1_46' title='bbox 58 1014 143 1067; x_wconf 87' lang='lat' dir='ltr'>tant.</span> <span class='ocrx_word' id='word_1_47' title='bbox 191 1000 259 1067; x_wconf 87' lang='lat' dir='ltr'>Sed</span> <span class='ocrx_word' id='word_1_48' title='bbox 279 1005 397 1068; x_wconf 91' lang='lat' dir='ltr'>mirum</span> <span class='ocrx_word' id='word_1_49' title='bbox 418 1004 502 1068; x_wconf 92' lang='lat' dir='ltr'>mihi</span> <span class='ocrx_word' id='word_1_50' title='bbox 523 1004 660 1083; x_wconf 84' lang='lat' dir='ltr'>videtur,</span> <span class='ocrx_word' id='word_1_51' title='bbox 682 1002 767 1083; x_wconf 89' lang='lat' dir='ltr'>quod</span> <span class='ocrx_word' id='word_1_52' title='bbox 787 1002 949 1067; x_wconf 88' lang='lat' dir='ltr'>Rusiades</span> <span class='ocrx_word' id='word_1_53' title='bbox 976 1006 1011 1068; x_wconf 91' lang='lat' dir='ltr'>in</span> <span class='ocrx_word' id='word_1_54' title='bbox 1034 1006 1164 1074; x_wconf 87' lang='lat' dir='ltr'>neubel-</span> 
     </span>
     <span class='ocr_line' id='line_1_8' title="bbox 58 1107 1164 1212; baseline -0.001 -26"><span class='ocrx_word' id='word_1_55' title='bbox 58 1107 206 1188; x_wconf 89' lang='lat' dir='ltr'>lenisehe</span> <span class='ocrx_word' id='word_1_56' title='bbox 229 1125 430 1189; x_wconf 87' lang='lat' dir='ltr'>Grammatik</span> <span class='ocrx_word' id='word_1_57' title='bbox 451 1142 481 1212; x_wconf 88' lang='lat' dir='ltr'>p.</span> <span class='ocrx_word' id='word_1_58' title='bbox 503 1122 569 1187; x_wconf 69' lang='lat'>212</span> <span class='ocrx_word' id='word_1_59' title='bbox 591 1125 712 1188; x_wconf 86' lang='lat' dir='ltr'>formas</span> <span class='ocrx_word' id='word_1_60' title='bbox 734 1118 824 1203; x_wconf 80' lang='grc' dir='ltr'><em>ε’σεῖς,</em></span> <span class='ocrx_word' id='word_1_61' title='bbox 847 1118 933 1200; x_wconf 65' lang='lat' dir='ltr'>iude,</span> <span class='ocrx_word' id='word_1_62' title='bbox 956 1119 1035 1205; x_wconf 79' lang='grc' dir='ltr'><em>ε’μᾶς</em></span> <span class='ocrx_word' id='word_1_63' title='bbox 1056 1140 1089 1191; x_wconf 81' lang='lat' dir='ltr'>ot</span> <span class='ocrx_word' id='word_1_64' title='bbox 1110 1121 1164 1197; x_wconf 70' lang='lat' dir='ltr'>iob</span> 
     </span>
     <span class='ocr_line' id='line_1_9' title="bbox 56 1238 1164 1332; baseline 0.008 -25"><span class='ocrx_word' id='word_1_65' title='bbox 56 1267 121 1332; x_wconf 90' lang='lat' dir='ltr'>pro</span> <span class='ocrx_word' id='word_1_66' title='bbox 145 1247 286 1326; x_wconf 84' lang='lat' dir='ltr'><strong>antiquis</strong></span> <span class='ocrx_word' id='word_1_67' title='bbox 308 1240 407 1325; x_wconf 79' lang='grc' dir='ltr'><em>ὑμεῖς,</em></span> <span class='ocrx_word' id='word_1_68' title='bbox 431 1239 525 1322; x_wconf 71' lang='grc' dir='ltr'>ὑμᾶς,</span> <span class='ocrx_word' id='word_1_69' title='bbox 546 1238 632 1324; x_wconf 56' lang='grc' dir='ltr'>ἆμιᾶς</span> <span class='ocrx_word' id='word_1_70' title='bbox 653 1255 686 1308; x_wconf 85' lang='lat' dir='ltr'>et</span> <span class='ocrx_word' id='word_1_71' title='bbox 708 1238 757 1323; x_wconf 81' lang='grc' dir='ltr'>σε’,</span> <span class='ocrx_word' id='word_1_72' title='bbox 781 1245 893 1327; x_wconf 86' lang='lat' dir='ltr'>quibus</span> <span class='ocrx_word' id='word_1_73' title='bbox 921 1258 955 1310; x_wconf 90' lang='lat' dir='ltr'>et</span> <span class='ocrx_word' id='word_1_74' title='bbox 976 1249 1164 1316; x_wconf 86' lang='lat' dir='ltr'>vetustiores</span> 
     </span>
     <span class='ocr_line' id='line_1_10' title="bbox 56 1365 1163 1452; baseline 0.007 -23"><span class='ocrx_word' id='word_1_75' title='bbox 56 1368 235 1452; x_wconf 81' lang='lat' dir='ltr'>scriptores</span> <span class='ocrx_word' id='word_1_76' title='bbox 257 1380 290 1430; x_wconf 90' lang='lat' dir='ltr'>et</span> <span class='ocrx_word' id='word_1_77' title='bbox 312 1368 523 1448; x_wconf 82' lang='lat' dir='ltr'>oeconomus,</span> <span class='ocrx_word' id='word_1_78' title='bbox 547 1365 678 1448; x_wconf 80' lang='lat' dir='ltr'>Comes,</span> <span class='ocrx_word' id='word_1_79' title='bbox 703 1366 821 1431; x_wconf 87' lang='lat' dir='ltr'>Cumas</span> <span class='ocrx_word' id='word_1_80' title='bbox 835 1367 964 1450; x_wconf 82' lang='lat' dir='ltr'>aliique,</span> <span class='ocrx_word' id='word_1_81' title='bbox 981 1371 1036 1452; x_wconf 88' lang='lat' dir='ltr'>qui</span> <span class='ocrx_word' id='word_1_82' title='bbox 1051 1383 1163 1438; x_wconf 87' lang='lat' dir='ltr'>nostra</span> 
     </span>
     <span class='ocr_line' id='line_1_11' title="bbox 56 1489 1163 1575; baseline 0.009 -25"><span class='ocrx_word' id='word_1_83' title='bbox 56 1489 215 1551; x_wconf 86' lang='lat' dir='ltr'>memoria</span> <span class='ocrx_word' id='word_1_84' title='bbox 243 1489 352 1553; x_wconf 89' lang='lat' dir='ltr'>vivunt</span> <span class='ocrx_word' id='word_1_85' title='bbox 379 1501 436 1552; x_wconf 89' lang='lat' dir='ltr'>aut</span> <span class='ocrx_word' id='word_1_86' title='bbox 463 1509 564 1575; x_wconf 75' lang='lat' dir='ltr'>nuper</span> <span class='ocrx_word' id='word_1_87' title='bbox 592 1490 810 1570; x_wconf 80' lang='lat' dir='ltr'>decesserunt,</span> <span class='ocrx_word' id='word_1_88' title='bbox 839 1510 907 1554; x_wconf 90' lang='lat' dir='ltr'>non</span> <span class='ocrx_word' id='word_1_89' title='bbox 935 1493 1061 1575; x_wconf 82' lang='lat' dir='ltr'>gravati</span> <span class='ocrx_word' id='word_1_90' title='bbox 1087 1506 1163 1560; x_wconf 86' lang='lat' dir='ltr'>sunt</span> 
     </span>
     <span class='ocr_line' id='line_1_12' title="bbox 56 1605 1160 1699; baseline 0.002 -26"><span class='ocrx_word' id='word_1_91' title='bbox 56 1613 118 1688; x_wconf 82' lang='lat' dir='ltr'>uti,</span> <span class='ocrx_word' id='word_1_92' title='bbox 142 1622 293 1691; x_wconf 86' lang='lat' dir='ltr'>tanquam</span> <span class='ocrx_word' id='word_1_93' title='bbox 315 1612 487 1675; x_wconf 87' lang='lat' dir='ltr'>inusitatas</span> <span class='ocrx_word' id='word_1_94' title='bbox 510 1611 642 1676; x_wconf 91' lang='lat' dir='ltr'>damnat</span> <span class='ocrx_word' id='word_1_95' title='bbox 663 1633 703 1676; x_wconf 89' lang='lat' dir='ltr'>ae</span> <span class='ocrx_word' id='word_1_96' title='bbox 716 1633 775 1699; x_wconf 92' lang='lat' dir='ltr'>pro</span> <span class='ocrx_word' id='word_1_97' title='bbox 791 1613 834 1677; x_wconf 90' lang='lat' dir='ltr'>iis</span> <span class='ocrx_word' id='word_1_98' title='bbox 847 1605 944 1691; x_wconf 76' lang='grc' dir='ltr'><em>ὑσεῒς,</em></span> <span class='ocrx_word' id='word_1_99' title='bbox 957 1606 1051 1692; x_wconf 64' lang='lat' dir='ltr'>bocia,</span> <span class='ocrx_word' id='word_1_100' title='bbox 1067 1608 1160 1697; x_wconf 75' lang='grc' dir='ltr'><strong><em>ἡμᾶς,</em></strong></span> 
     </span>
     <span class='ocr_line' id='line_1_13' title="bbox 56 1724 1160 1820; baseline 0.011 -30"><span class='ocrx_word' id='word_1_101' title='bbox 56 1724 159 1807; x_wconf 75' lang='grc' dir='ltr'><strong><em>ἦσένα</em></strong></span> <span class='ocrx_word' id='word_1_102' title='bbox 181 1752 201 1794; x_wconf 89' lang='lat' dir='ltr'>a</span> <span class='ocrx_word' id='word_1_103' title='bbox 221 1731 313 1817; x_wconf 90' lang='lat' dir='ltr'>plebe</span> <span class='ocrx_word' id='word_1_104' title='bbox 336 1732 483 1796; x_wconf 82' lang='lat' dir='ltr'>adhiberi</span> <span class='ocrx_word' id='word_1_105' title='bbox 506 1733 677 1795; x_wconf 82' lang='lat' dir='ltr'>contendit.</span> <span class='ocrx_word' id='word_1_106' title='bbox 721 1734 851 1797; x_wconf 82' lang='lat' dir='ltr'>Etenim</span> <span class='ocrx_word' id='word_1_107' title='bbox 870 1736 1084 1800; x_wconf 85' lang='lat' dir='ltr'>certissimum</span> <span class='ocrx_word' id='word_1_108' title='bbox 1099 1749 1160 1820; x_wconf 82' lang='lat' dir='ltr'>est,</span> 
     </span>
     <span class='ocr_line' id='line_1_14' title="bbox 57 1851 1161 1941; baseline 0.005 -23"><span class='ocrx_word' id='word_1_109' title='bbox 57 1875 170 1918; x_wconf 88' lang='lat' dir='ltr'>omues</span> <span class='ocrx_word' id='word_1_110' title='bbox 192 1852 289 1917; x_wconf 89' lang='lat' dir='ltr'>hasce</span> <span class='ocrx_word' id='word_1_111' title='bbox 312 1856 432 1918; x_wconf 88' lang='lat' dir='ltr'>lormas</span> <span class='ocrx_word' id='word_1_112' title='bbox 453 1855 489 1918; x_wconf 93' lang='lat' dir='ltr'>in</span> <span class='ocrx_word' id='word_1_113' title='bbox 510 1872 658 1917; x_wconf 83' lang='lat' dir='ltr'>sermone</span> <span class='ocrx_word' id='word_1_114' title='bbox 679 1851 803 1938; x_wconf 90' lang='lat' dir='ltr'>plebejo</span> <span class='ocrx_word' id='word_1_115' title='bbox 825 1856 973 1941; x_wconf 78' lang='lat' dir='ltr'>reperiri·</span> <span class='ocrx_word' id='word_1_116' title='bbox 1006 1856 1054 1923; x_wconf 87' lang='lat' dir='ltr'>ct</span> <span class='ocrx_word' id='word_1_117' title='bbox 1077 1858 1161 1924; x_wconf 88' lang='lat' dir='ltr'>Dar·</span> 
     </span>
     <span class='ocr_line' id='line_1_15' title="bbox 56 1970 1162 2058; baseline 0.001 -16"><span class='ocrx_word' id='word_1_118' title='bbox 56 1979 146 2042; x_wconf 90' lang='lat' dir='ltr'>varis</span> <span class='ocrx_word' id='word_1_119' title='bbox 173 1983 336 2058; x_wconf 64' lang='grc' dir='ltr'><strong><em>Γραμματ.</em></strong></span> <span class='ocrx_word' id='word_1_120' title='bbox 363 1970 507 2036; x_wconf 62' lang='lat' dir='ltr'>dumeti.</span> <span class='ocrx_word' id='word_1_121' title='bbox 533 1978 599 2035; x_wconf 79' lang='grc' dir='ltr'><em>σελ.</em></span> <span class='ocrx_word' id='word_1_122' title='bbox 625 1971 679 2039; x_wconf 73' lang='grc'>88.</span> <span class='ocrx_word' id='word_1_123' title='bbox 728 1975 780 2039; x_wconf 93' lang='lat' dir='ltr'>De</span> <span class='ocrx_word' id='word_1_124' title='bbox 809 1975 931 2058; x_wconf 88' lang='lat' dir='ltr'>reliquo</span> <span class='ocrx_word' id='word_1_125' title='bbox 958 1977 1024 2047; x_wconf 59' lang='lat' dir='ltr'>oab</span> <span class='ocrx_word' id='word_1_126' title='bbox 1050 1991 1162 2046; x_wconf 84' lang='lat' dir='ltr'>natum</span> 
     </span>
     <span class='ocr_line' id='line_1_16' title="bbox 56 2096 1159 2182; baseline -0.003 -19"><span class='ocrx_word' id='word_1_127' title='bbox 56 2111 108 2163; x_wconf 90' lang='lat' dir='ltr'>est</span> <span class='ocrx_word' id='word_1_128' title='bbox 136 2120 178 2163; x_wconf 86' lang='lat' dir='ltr'>ex</span> <span class='ocrx_word' id='word_1_129' title='bbox 204 2111 346 2164; x_wconf 88' lang='lat' dir='ltr'>veterum</span> <span class='ocrx_word' id='word_1_130' title='bbox 373 2098 464 2177; x_wconf 79' lang='grc' dir='ltr'><strong><em>σφεῖς</em></strong></span> <span class='ocrx_word' id='word_1_131' title='bbox 492 2101 596 2182; x_wconf 86' lang='lat' dir='ltr'>ejecta</span> <span class='ocrx_word' id='word_1_132' title='bbox 627 2096 738 2162; x_wconf 87' lang='lat' dir='ltr'>littera</span> <span class='ocrx_word' id='word_1_133' title='bbox 765 2121 798 2176; x_wconf 84' lang='grc' dir='ltr'>φ.</span> <span class='ocrx_word' id='word_1_134' title='bbox 848 2096 898 2161; x_wconf 85' lang='lat' dir='ltr'>ct.</span> <span class='ocrx_word' id='word_1_135' title='bbox 927 2097 1065 2166; x_wconf 84' lang='lat' dir='ltr'>Darvar.</span> <span class='ocrx_word' id='word_1_136' title='bbox 1091 2101 1159 2166; x_wconf 77' lang='lat' dir='ltr'>bl.</span> 
     </span>
     <span class='ocr_line' id='line_1_17' title="bbox 54 2219 210 2311; baseline -0.013 -25"><span class='ocrx_word' id='word_1_137' title='bbox 54 2243 133 2311; x_wconf 88' lang='lat' dir='ltr'>pag.</span> <span class='ocrx_word' id='word_1_138' title='bbox 156 2219 210 2286; x_wconf 83' lang='lat'>89.</span> 
     </span>
    </p>

    <p class='ocr_par' dir='ltr' id='par_1_4' title="bbox 54 2329 1264 2896">
     <span class='ocr_line' id='line_1_18' title="bbox 191 2329 1264 2433; baseline 0.007 -29"><span class='ocrx_word' id='word_1_139' title='bbox 191 2339 232 2404; x_wconf 91' lang='lat' dir='ltr'>V.</span> <span class='ocrx_word' id='word_1_140' title='bbox 257 2337 330 2406; x_wconf 72' lang='lat'><strong>104.</strong></span> <span class='ocrx_word' id='word_1_141' title='bbox 375 2333 540 2400; x_wconf 66' lang='grc' dir='ltr'>στέκεστευ</span> <span class='ocrx_word' id='word_1_142' title='bbox 560 2341 611 2406; x_wconf 92' lang='lat' dir='ltr'>vel</span> <span class='ocrx_word' id='word_1_143' title='bbox 632 2332 777 2400; x_wconf 66' lang='grc' dir='ltr'><em>στέκεστε</em></span> <span class='ocrx_word' id='word_1_144' title='bbox 802 2343 905 2408; x_wconf 83' lang='lat' dir='ltr'>forma</span> <span class='ocrx_word' id='word_1_145' title='bbox 933 2342 1076 2428; x_wconf 81' lang='lat' dir='ltr'>vulgaris</span> <span class='ocrx_word' id='word_1_146' title='bbox 1101 2364 1161 2433; x_wconf 91' lang='lat' dir='ltr'>pro</span> <span class='ocrx_word' id='word_1_147' title='bbox 1261 2329 1264 2332; x_wconf 47' lang='grc'><strong>’</strong></span> 
     </span>
     <span class='ocr_line' id='line_1_19' title="bbox 55 2456 1161 2552; baseline 0.007 -27"><span class='ocrx_word' id='word_1_148' title='bbox 55 2458 213 2536; x_wconf 54' lang='lat' dir='ltr'>ardescas</span> <span class='ocrx_word' id='word_1_149' title='bbox 240 2461 263 2528; x_wconf 76' lang='lat'><strong>2</strong></span> <span class='ocrx_word' id='word_1_150' title='bbox 289 2463 332 2552; x_wconf 87' lang='lat' dir='ltr'>pl.</span> <span class='ocrx_word' id='word_1_151' title='bbox 358 2485 462 2552; x_wconf 85' lang='lat' dir='ltr'>praes.</span> <span class='ocrx_word' id='word_1_152' title='bbox 491 2464 561 2528; x_wconf 88' lang='lat' dir='ltr'>Ind.</span> <span class='ocrx_word' id='word_1_153' title='bbox 588 2464 677 2530; x_wconf 90' lang='lat' dir='ltr'>verbi</span> <span class='ocrx_word' id='word_1_154' title='bbox 704 2456 873 2546; x_wconf 72' lang='grc' dir='ltr'><strong><em>στέκομαι,</em></strong></span> <span class='ocrx_word' id='word_1_155' title='bbox 911 2470 1001 2552; x_wconf 86' lang='lat' dir='ltr'>cujus</span> <span class='ocrx_word' id='word_1_156' title='bbox 1029 2465 1101 2531; x_wconf 93' lang='lat' dir='ltr'>loco</span> <span class='ocrx_word' id='word_1_157' title='bbox 1128 2480 1161 2533; x_wconf 91' lang='lat' dir='ltr'>et</span> 
     </span>
     <span class='ocr_line' id='line_1_20' title="bbox 55 2580 1160 2668; baseline 0.007 -20"><span class='ocrx_word' id='word_1_158' title='bbox 55 2580 160 2648; x_wconf 74' lang='lat' dir='ltr'>‹rre&#39;ao›</span> <span class='ocrx_word' id='word_1_159' title='bbox 182 2588 310 2667; x_wconf 80' lang='lat' dir='ltr'>dicitur,</span> <span class='ocrx_word' id='word_1_160' title='bbox 331 2598 369 2650; x_wconf 86' lang='lat' dir='ltr'>ut</span> <span class='ocrx_word' id='word_1_161' title='bbox 385 2591 456 2668; x_wconf 87' lang='lat' dir='ltr'>jem</span> <span class='ocrx_word' id='word_1_162' title='bbox 478 2588 713 2648; x_wconf 80' lang='lat' dir='ltr'>observavimus</span> <span class='ocrx_word' id='word_1_163' title='bbox 740 2587 781 2647; x_wconf 92' lang='lat' dir='ltr'>ad</span> <span class='ocrx_word' id='word_1_164' title='bbox 802 2586 938 2668; x_wconf 86' lang='lat' dir='ltr'>Dialogi</span> <span class='ocrx_word' id='word_1_165' title='bbox 959 2608 1040 2652; x_wconf 88' lang='lat' dir='ltr'>vers.</span> <span class='ocrx_word' id='word_1_166' title='bbox 1062 2587 1093 2654; x_wconf 78' lang='lat' dir='ltr'>l.</span> <span class='ocrx_word' id='word_1_167' title='bbox 1115 2624 1160 2656; x_wconf 71' lang='lat' dir='ltr'>-e</span> 
     </span>
     <span class='ocr_line' id='line_1_21' title="bbox 54 2696 1161 2792; baseline 0.002 -21"><span class='ocrx_word' id='word_1_168' title='bbox 54 2703 146 2792; x_wconf 77' lang='grc' dir='ltr'><em>μέσα</em></span> <span class='ocrx_word' id='word_1_169' title='bbox 177 2711 263 2773; x_wconf 91' lang='lat' dir='ltr'>idem</span> <span class='ocrx_word' id='word_1_170' title='bbox 297 2706 351 2770; x_wconf 89' lang='lat' dir='ltr'>hic</span> <span class='ocrx_word' id='word_1_171' title='bbox 383 2717 480 2769; x_wconf 86' lang='lat' dir='ltr'>sonat</span> <span class='ocrx_word' id='word_1_172' title='bbox 509 2705 592 2785; x_wconf 89' lang='lat' dir='ltr'>quod</span> <span class='ocrx_word' id='word_1_173' title='bbox 619 2696 707 2782; x_wconf 78' lang='grc' dir='ltr'><strong><em>’μέσα</em></strong></span> <span class='ocrx_word' id='word_1_174' title='bbox 733 2697 785 2780; x_wconf 78' lang='grc' dir='ltr'><em>εἷς,</em></span> <span class='ocrx_word' id='word_1_175' title='bbox 815 2705 854 2765; x_wconf 88' lang='lat' dir='ltr'>de</span> <span class='ocrx_word' id='word_1_176' title='bbox 881 2723 942 2783; x_wconf 89' lang='lat' dir='ltr'>quo</span> <span class='ocrx_word' id='word_1_177' title='bbox 974 2706 1098 2787; x_wconf 83' lang='lat' dir='ltr'>egimus</span> <span class='ocrx_word' id='word_1_178' title='bbox 1119 2710 1161 2773; x_wconf 87' lang='lat' dir='ltr'>ad</span> 
     </span>
     <span class='ocr_line' id='line_1_22' title="bbox 56 2821 1199 2896; baseline -0.004 -1"><span class='ocrx_word' id='word_1_179' title='bbox 56 2852 142 2896; x_wconf 87' lang='lat' dir='ltr'>vers.</span> <span class='ocrx_word' id='word_1_180' title='bbox 164 2829 216 2895; x_wconf 81' lang='lat'>73.</span> <span class='ocrx_word' id='word_1_181' title='bbox 240 2862 283 2874; x_wconf 93' lang='lat'><em>-</em></span> <span class='ocrx_word' id='word_1_182' title='bbox 306 2826 359 2889; x_wconf 92' lang='lat' dir='ltr'>De</span> <span class='ocrx_word' id='word_1_183' title='bbox 380 2821 546 2885; x_wconf 69' lang='lat' dir='ltr'>maeandra</span> <span class='ocrx_word' id='word_1_184' title='bbox 568 2826 607 2887; x_wconf 88' lang='lat' dir='ltr'>el·</span> <span class='ocrx_word' id='word_1_185' title='bbox 630 2822 739 2887; x_wconf 85' lang='lat' dir='ltr'>adnot.</span> <span class='ocrx_word' id='word_1_186' title='bbox 762 2822 905 2887; x_wconf 85' lang='lat' dir='ltr'>advers.</span> <span class='ocrx_word' id='word_1_187' title='bbox 928 2823 981 2889; x_wconf 84' lang='lat'>38.</span> <span class='ocrx_word' id='word_1_188' title='bbox 1182 2830 1199 2869; x_wconf 71' lang='lat'><strong>⁹</strong></span> 
     </span>
    </p>

    <p class='ocr_par' dir='ltr' id='par_1_5' title="bbox 57 2932 1161 3150">
     <span class='ocr_line' id='line_1_23' title="bbox 196 2932 1161 3034; baseline 0.01 -30"><span class='ocrx_word' id='word_1_189' title='bbox 196 2949 237 3012; x_wconf 85' lang='lat' dir='ltr'>V.</span> <span class='ocrx_word' id='word_1_190' title='bbox 263 2946 335 3013; x_wconf 86' lang='lat'><strong>105.</strong></span> <span class='ocrx_word' id='word_1_191' title='bbox 378 2932 435 3022; x_wconf 59' lang='lat' dir='ltr'>ilat</span> <span class='ocrx_word' id='word_1_192' title='bbox 455 2967 515 3034; x_wconf 90' lang='lat' dir='ltr'>pro</span> <span class='ocrx_word' id='word_1_193' title='bbox 536 2933 630 3022; x_wconf 57' lang='grc' dir='ltr'><strong><em>ἥδιον</em></strong></span> <span class='ocrx_word' id='word_1_194' title='bbox 656 2945 883 3012; x_wconf 83' lang='lat' dir='ltr'>deminutivum</span> <span class='ocrx_word' id='word_1_195' title='bbox 910 2948 1080 3013; x_wconf 84' lang='lat' dir='ltr'>barbarum</span> <span class='ocrx_word' id='word_1_196' title='bbox 1108 2968 1161 3014; x_wconf 86' lang='lat' dir='ltr'>vo·</span> 
     </span>
     <span class='ocr_line' id='line_1_24' title="bbox 57 3056 1160 3150; baseline -0.001 -12"><span class='ocrx_word' id='word_1_197' title='bbox 57 3072 165 3137; x_wconf 86' lang='lat' dir='ltr'>cabuli</span> <span class='ocrx_word' id='word_1_198' title='bbox 187 3056 274 3145; x_wconf 56' lang='grc' dir='ltr'><strong><em>ἦδος.</em></strong></span> <span class='ocrx_word' id='word_1_199' title='bbox 316 3071 438 3134; x_wconf 91' lang='lat' dir='ltr'>Notum</span> <span class='ocrx_word' id='word_1_200' title='bbox 465 3081 531 3150; x_wconf 80' lang='lat' dir='ltr'>est,</span> <span class='ocrx_word' id='word_1_201' title='bbox 561 3081 684 3133; x_wconf 89' lang='lat' dir='ltr'>veteres</span> <span class='ocrx_word' id='word_1_202' title='bbox 713 3088 780 3131; x_wconf 94' lang='lat' dir='ltr'>non</span> <span class='ocrx_word' id='word_1_203' title='bbox 808 3067 943 3133; x_wconf 84' lang='lat' dir='ltr'>finxisse</span> <span class='ocrx_word' id='word_1_204' title='bbox 964 3071 1160 3138; x_wconf 90' lang='lat' dir='ltr'>deminutiva</span> 
     </span>
    </p>
   </div>
   <div class='ocr_carea' id='block_1_3' title="bbox 56 3189 1159 3272">
    <p class='ocr_par' dir='ltr' id='par_1_6' title="bbox 56 3189 1159 3272">
     <span class='ocr_line' id='line_1_25' title="bbox 56 3189 1159 3272; baseline -0.004 -12"><span class='ocrx_word' id='word_1_205' title='bbox 56 3207 244 3260; x_wconf 89' lang='lat' dir='ltr'>neutrorum</span> <span class='ocrx_word' id='word_1_206' title='bbox 273 3195 389 3256; x_wconf 87' lang='lat' dir='ltr'>tertiae</span> <span class='ocrx_word' id='word_1_207' title='bbox 416 3192 642 3255; x_wconf 82' lang='lat' dir='ltr'>declinationis</span> <span class='ocrx_word' id='word_1_208' title='bbox 670 3192 707 3253; x_wconf 90' lang='lat' dir='ltr'>in</span> <span class='ocrx_word' id='word_1_209' title='bbox 735 3212 769 3259; x_wconf 80' lang='grc' dir='ltr'>ος</span> <span class='ocrx_word' id='word_1_210' title='bbox 797 3189 1027 3269; x_wconf 83' lang='lat' dir='ltr'>desinentium3</span> <span class='ocrx_word' id='word_1_211' title='bbox 1055 3210 1159 3272; x_wconf 87' lang='lat' dir='ltr'>neque</span> 
     </span>
    </p>
   </div>
   <div class='ocr_carea' id='block_1_4' title="bbox 39 3295 1160 4136">
    <p class='ocr_par' dir='ltr' id='par_1_7' title="bbox 39 3295 1160 4136">
     <span class='ocr_line' id='line_1_26' title="bbox 58 3295 1159 3395; baseline -0.005 -14"><span class='ocrx_word' id='word_1_212' title='bbox 58 3295 156 3382; x_wconf 78' lang='lat' dir='ltr'>lrodie</span> <span class='ocrx_word' id='word_1_213' title='bbox 177 3319 226 3380; x_wconf 87' lang='lat' dir='ltr'>sic</span> <span class='ocrx_word' id='word_1_214' title='bbox 247 3315 419 3395; x_wconf 88' lang='lat' dir='ltr'>loquuntur</span> <span class='ocrx_word' id='word_1_215' title='bbox 441 3313 568 3376; x_wconf 87' lang='lat' dir='ltr'>Graeci.</span> <span class='ocrx_word' id='word_1_216' title='bbox 615 3314 724 3390; x_wconf 84' lang='lat' dir='ltr'>Quare</span> <span class='ocrx_word' id='word_1_217' title='bbox 745 3311 862 3374; x_wconf 91' lang='lat' dir='ltr'>dudum</span> <span class='ocrx_word' id='word_1_218' title='bbox 877 3309 932 3373; x_wconf 89' lang='lat' dir='ltr'>hie</span> <span class='ocrx_word' id='word_1_219' title='bbox 949 3313 1159 3376; x_wconf 85' lang='lat' dir='ltr'>correxissem</span> 
     </span>
     <span class='ocr_line' id='line_1_27' title="bbox 57 3423 1160 3521; baseline -0.003 -22"><span class='ocrx_word' id='word_1_220' title='bbox 57 3431 99 3521; x_wconf 73' lang='lat' dir='ltr'>pb</span> <span class='ocrx_word' id='word_1_221' title='bbox 122 3431 145 3498; x_wconf 66' lang='grc' dir='ltr'>τ’</span> <span class='ocrx_word' id='word_1_222' title='bbox 168 3424 294 3518; x_wconf 61' lang='grc' dir='ltr'>ἷζμορῳά</span> <span class='ocrx_word' id='word_1_223' title='bbox 313 3458 370 3498; x_wconf 74' lang='lat' dir='ltr'>rou</span> <span class='ocrx_word' id='word_1_224' title='bbox 391 3423 470 3512; x_wconf 54' lang='lat' dir='ltr'>ilar,</span> <span class='ocrx_word' id='word_1_225' title='bbox 493 3456 557 3518; x_wconf 89' lang='lat' dir='ltr'>qua</span> <span class='ocrx_word' id='word_1_226' title='bbox 577 3435 800 3498; x_wconf 90' lang='lat' dir='ltr'>emendatione</span> <span class='ocrx_word' id='word_1_227' title='bbox 827 3444 859 3495; x_wconf 92' lang='lat' dir='ltr'>et</span> <span class='ocrx_word' id='word_1_228' title='bbox 881 3431 991 3494; x_wconf 90' lang='lat' dir='ltr'>finalis</span> <span class='ocrx_word' id='word_1_229' title='bbox 1013 3451 1160 3496; x_wconf 90' lang='lat' dir='ltr'>versuum</span> 
     </span>
     <span class='ocr_line' id='line_1_28' title="bbox 58 3552 1159 3643; baseline -0.005 -17"><span class='ocrx_word' id='word_1_230' title='bbox 58 3573 231 3627; x_wconf 87' lang='lat' dir='ltr'>concentus</span> <span class='ocrx_word' id='word_1_231' title='bbox 253 3571 446 3639; x_wconf 79' lang='lat' dir='ltr'>servaretur,</span> <span class='ocrx_word' id='word_1_232' title='bbox 468 3558 534 3621; x_wconf 90' lang='lat' dir='ltr'>nisi</span> <span class='ocrx_word' id='word_1_233' title='bbox 556 3557 721 3643; x_wconf 86' lang='lat' dir='ltr'>usurpatio</span> <span class='ocrx_word' id='word_1_234' title='bbox 742 3554 879 3642; x_wconf 87' lang='lat' dir='ltr'>pluralis</span> <span class='ocrx_word' id='word_1_235' title='bbox 900 3552 996 3637; x_wconf 88' lang='lat' dir='ltr'>hujus</span> <span class='ocrx_word' id='word_1_236' title='bbox 1017 3554 1159 3621; x_wconf 85' lang='lat' dir='ltr'>nominis</span> 
     </span>
     <span class='ocr_line' id='line_1_29' title="bbox 59 3661 1159 3767; baseline -0.006 -18"><span class='ocrx_word' id='word_1_237' title='bbox 59 3682 290 3767; x_wconf 91' lang='lat' dir='ltr'>quodammodo</span> <span class='ocrx_word' id='word_1_238' title='bbox 313 3683 487 3744; x_wconf 84' lang='lat' dir='ltr'>obstaret·</span> <span class='ocrx_word' id='word_1_239' title='bbox 510 3681 656 3761; x_wconf 91' lang='lat' dir='ltr'>Namque</span> <span class='ocrx_word' id='word_1_240' title='bbox 687 3677 864 3760; x_wconf 82' lang='lat' dir='ltr'>singularis</span> <span class='ocrx_word' id='word_1_241' title='bbox 894 3675 981 3741; x_wconf 83' lang='lat' dir='ltr'>vocis</span> <span class='ocrx_word' id='word_1_242' title='bbox 1010 3661 1089 3751; x_wconf 58' lang='grc' dir='ltr'>ἦδος</span> <span class='ocrx_word' id='word_1_243' title='bbox 1121 3678 1159 3742; x_wconf 87' lang='lat' dir='ltr'>in</span> 
     </span>
     <span class='ocr_line' id='line_1_30' title="bbox 59 3795 1160 3888; baseline -0.005 -19"><span class='ocrx_word' id='word_1_244' title='bbox 59 3807 214 3869; x_wconf 86' lang='lat' dir='ltr'>inferiore</span> <span class='ocrx_word' id='word_1_245' title='bbox 236 3804 412 3886; x_wconf 87' lang='lat' dir='ltr'>graecitate</span> <span class='ocrx_word' id='word_1_246' title='bbox 434 3822 493 3888; x_wconf 91' lang='lat' dir='ltr'>pro</span> <span class='ocrx_word' id='word_1_247' title='bbox 513 3824 551 3865; x_wconf 93' lang='lat' dir='ltr'>eo</span> <span class='ocrx_word' id='word_1_248' title='bbox 566 3803 706 3888; x_wconf 81' lang='lat' dir='ltr'>ponitur,</span> <span class='ocrx_word' id='word_1_249' title='bbox 730 3799 813 3879; x_wconf 89' lang='lat' dir='ltr'>quod</span> <span class='ocrx_word' id='word_1_250' title='bbox 826 3797 956 3861; x_wconf 88' lang='lat' dir='ltr'>Latinis</span> <span class='ocrx_word' id='word_1_251' title='bbox 978 3809 1028 3862; x_wconf 90' lang='lat' dir='ltr'>est</span> <span class='ocrx_word' id='word_1_252' title='bbox 1042 3795 1160 3863; x_wconf 83' lang='lat' dir='ltr'>nrodus</span> 
     </span>
     <span class='ocr_line' id='line_1_31' title="bbox 59 3920 1159 4007; baseline -0.005 -15"><span class='ocrx_word' id='word_1_253' title='bbox 59 3928 112 3992; x_wconf 88' lang='lat' dir='ltr'>vel</span> <span class='ocrx_word' id='word_1_254' title='bbox 142 3922 253 4000; x_wconf 82' lang='lat' dir='ltr'>ratic,</span> <span class='ocrx_word' id='word_1_255' title='bbox 281 3925 386 3990; x_wconf 87' lang='lat' dir='ltr'>Gallis</span> <span class='ocrx_word' id='word_1_256' title='bbox 408 3920 577 4005; x_wconf 59' lang='lat' dir='ltr'>muniere,</span> <span class='ocrx_word' id='word_1_257' title='bbox 600 3943 680 4005; x_wconf 89' lang='lat' dir='ltr'>quae</span> <span class='ocrx_word' id='word_1_258' title='bbox 702 3922 821 3984; x_wconf 87' lang='lat' dir='ltr'>locutio</span> <span class='ocrx_word' id='word_1_259' title='bbox 843 3940 978 4004; x_wconf 81' lang='lat' dir='ltr'>graecae</span> <span class='ocrx_word' id='word_1_260' title='bbox 1000 3921 1159 4007; x_wconf 88' lang='lat' dir='ltr'>imprimis</span> 
     </span>
     <span class='ocr_line' id='line_1_32' title="bbox 39 4039 1160 4136; baseline -0.009 -22"><span class='ocrx_word' id='word_1_261' title='bbox 39 4066 42 4080; x_wconf 83' lang='grc'><strong><em>’</em></strong></span> <span class='ocrx_word' id='word_1_262' title='bbox 59 4048 248 4136; x_wconf 79' lang='lat' dir='ltr'>respondet,</span> <span class='ocrx_word' id='word_1_263' title='bbox 259 4047 395 4135; x_wconf 87' lang='lat' dir='ltr'>pluralis</span> <span class='ocrx_word' id='word_1_264' title='bbox 403 4059 629 4111; x_wconf 68' lang='lat' dir='ltr'>autem&#39;mores</span> <span class='ocrx_word' id='word_1_265' title='bbox 645 4044 815 4132; x_wconf 87' lang='lat' dir='ltr'>praecipue</span> <span class='ocrx_word' id='word_1_266' title='bbox 825 4043 981 4127; x_wconf 81' lang='lat' dir='ltr'>designat.</span> <span class='ocrx_word' id='word_1_267' title='bbox 1010 4039 1160 4108; x_wconf 84' lang='lat' dir='ltr'>Similem</span> 
     </span>
    </p>
   </div>
   <div class='ocr_carea' id='block_1_5' title="bbox 60 4157 1158 4350">
    <p class='ocr_par' dir='ltr' id='par_1_8' title="bbox 60 4157 1158 4350">
     <span class='ocr_line' id='line_1_33' title="bbox 60 4157 1158 4252; baseline -0.01 -13"><span class='ocrx_word' id='word_1_268' title='bbox 60 4184 173 4239; x_wconf 88' lang='lat' dir='ltr'>nostro</span> <span class='ocrx_word' id='word_1_269' title='bbox 194 4170 300 4235; x_wconf 86' lang='lat' dir='ltr'>locum</span> <span class='ocrx_word' id='word_1_270' title='bbox 322 4169 419 4236; x_wconf 89' lang='lat' dir='ltr'>babet</span> <span class='ocrx_word' id='word_1_271' title='bbox 440 4169 631 4252; x_wconf 80' lang='lat' dir='ltr'>Ducangius</span> <span class='ocrx_word' id='word_1_272' title='bbox 651 4168 688 4231; x_wconf 90' lang='lat' dir='ltr'>in</span> <span class='ocrx_word' id='word_1_273' title='bbox 712 4163 871 4230; x_wconf 86' lang='lat' dir='ltr'>Glossarii</span> <span class='ocrx_word' id='word_1_274' title='bbox 892 4164 1013 4230; x_wconf 80' lang='lat' dir='ltr'>Toml</span> <span class='ocrx_word' id='word_1_275' title='bbox 1031 4184 1063 4250; x_wconf 90' lang='lat' dir='ltr'>p.</span> <span class='ocrx_word' id='word_1_276' title='bbox 1077 4157 1158 4228; x_wconf 73' lang='lat'>4742</span> 
     </span>
     <span class='ocr_line' id='line_1_34' title="bbox 815 4281 867 4350; baseline 0 -25"><span class='ocrx_word' id='word_1_277' title='bbox 815 4285 836 4350; x_wconf 76' lang='lat'>5</span> <span class='ocrx_word' id='word_1_278' title='bbox 848 4281 867 4325; x_wconf 70' lang='lat' dir='ltr'>a</span> 
     </span>
    </p>
   </div>
   <div class='ocr_carea' id='block_1_6' title="bbox 0 0 1346 4740">
    <p class='ocr_par' dir='ltr' id='par_1_9' title="bbox 0 0 1346 4740">
     <span class='ocr_line' id='line_1_35' title="bbox 0 0 1346 4740; baseline 0 0"><span class='ocrx_word' id='word_1_279' title='bbox 0 0 1346 4740; x_wconf 95' lang='lat' dir='ltr'> </span> 
     </span>
    </p>
   </div>
  </div>
 </body>
</html>
