2684 4740
117 201 243 274 tt.

118 417 205 462 num.
229 395 259 462 9.
293 399 417 484 profert
447 393 595 479 Duoang.
619 394 640 457 l.
664 394 686 457 l.
716 395 754 458 Τ.
781 394 807 459 1.
832 416 863 481 p.
891 393 984 460 1055.
1021 389 1223 467 eioetndoroo-

119 504 178 580 odo
204 510 259 579 atui
287 509 581 600 npocnmruoo‘tvroov,
610 510 703 599 ὁρίζει
729 510 785 578 καὶ
813 508 929 589 τούτοις
950 509 1005 578 διὰ
1028 515 1218 600 ἓριιιηνέωςό

118 632 276 720 βασιλεύς.
319 642 505 706 Notandum
527 655 705 728 praeterea,
726 652 899 720 anostrae,
923 644 1099 750 memoripe
1125 644 1217 706 Grae·

120 766 167 828 eis
194 753 280 844 <ipone
309 777 342 827 et
369 756 488 845 ὁρίσενε
509 767 558 828 sio
580 765 748 846 colloquiis
771 765 872 829 inseri
895 775 931 828 ut
952 783 973 827 a
996 764 1103 830 Gallis
1128 769 1217 830 inter-

118 887 252 973 ponitur
270 883 425 971 plote-il.

248 1009 294 1071 V.
318 1008 349 1074 3.
388 1003 468 1079 εἶπές
494 1031 560 1089 μου
581 1011 602 1073 i.
626 1031 652 1075 e.
677 1005 745 1068 εἰπέ
761 1033 825 1089 μοι.
871 1008 956 1073 Vide
978 1011 1160 1095 superiora.
1180 1043 1218 1060 -·

118 1130 159 1194 In
181 1132 285 1195 verbis
307 1128 370 1203 πῶς
391 1124 426 1192 νδ
447 1127 579 1214 λέγουσι
607 1152 717 1203 rursus
745 1117 779 1192 td
807 1152 865 1219 pro
896 1123 974 1192 αὐτὸ
1001 1133 1218 1218 accipiendum

120 1265 176 1316 est.
223 1256 347 1330 Quodsi
369 1254 449 1318 illud
476 1245 511 1314 td
533 1253 584 1318 vel
611 1255 696 1319 aliae
725 1276 833 1334 voees,
862 1275 942 1336 quae
970 1256 1009 1317 ob
1026 1255 1216 1320 inclinatio·

119 1394 194 1438 nem
216 1377 418 1439 antecedenti
440 1377 511 1440 vooi
533 1387 699 1439 aeoentum
722 1379 848 1440 tradere
868 1377 984 1456 solent,
1005 1396 1073 1438 non
1088 1397 1216 1458 sequun-

50 1484 51 1487 ¹
120 1512 182 1577 tur,
206 1498 263 1561 sed
283 1499 479 1583 praecedunt
505 1496 601 1575 illud,
630 1499 670 1560 ad
689 1500 780 1579 'quod
803 1501 995 1577 referuntur,
1023 1500 1220 1578 voeabulun‚·

119 1639 191 1682 eam
212 1617 294 1681 mihi
317 1620 386 1681 dixi
408 1617 530 1701 legem,
554 1619 687 1682 eruditis
710 1620 833 1701 aliquot
855 1621 941 1685 inter
971 1620 1116 1684 Graecos
1146 1623 1214 1684 viris

118 1761 186 1804 non
207 1742 429 1826 improbatam,
453 1752 489 1804 ut
511 1752 577 1803 turn
600 1761 724 1826 semper
746 1740 1072 1829 apioemhujusmodi
1094 1744 1216 1808 voculae

117 1861 374 1951 superponerem.
421 1864 529 1938 Quare
552 1865 613 1925 etsi
635 1865 751 1949 soripsi
772 1853 826 1923 rdo
846 1853 916 1924 vido
937 1887 1004 1940 νου,
1026 1837 1215 1931 nontamen

117 1985 182 2056 πῶς
202 2006 236 2046 ro
257 1978 389 2067 λέγουσι,
410 1986 652 2065 admittendum,
675 1987 732 2049 sed
754 1983 816 2056 πῶς
830 1977 864 2075 td
878 1981 1010 2068 λέγουσι
1024 1992 1216 2054 exarandum

118 2111 238 2196 putavi,
283 2109 374 2174 Finis
397 2108 492 2193 hujus
515 2129 624 2172 versus
645 2102 683 2167 ’νι
704 2098 787 2189 νώρα
809 2100 864 2168 ὁὲν
885 2095 1020 2182 ἇὸειάζω
1043 2113 1219 2195 signififflo,

120 2220 165 2290 ὅτι
187 2229 246 2291 νῦν
268 2224 307 2291 οὐ
327 2222 485 2306 σχολάζω.
530 2231 590 2294 Est
612 2233 698 2308 enim
725 2250 752 2290 νι
774 2252 833 2319 per
861 2193 1054 2318 aphddresin
1081 2232 1133 2297 hie
1159 2255 1216 2320 pro

114 2343 177 2430 dra,
199 2355 253 2435 qui
275 2353 427 2434 loquendi
450 2354 561 2416 modus
584 2352 679 2418 hodie
701 2376 721 2417 a
734 2345 877 2419 Graecis
890 2357 1016 2419 vitatur.
1065 2353 1134 2422 Sed
1145 2358 1215 2422 Pto·

120 2474 369 2559 ohoprodromus
403 2494 525 2555 quoque
565 2486 641 2539 ante
674 2476 798 2540 Zenum
830 2482 901 2560 jam
937 2479 1068 2564 scripsit
1106 2481 1162 2544 lib·
1189 2481 1214 2544 1.

119 2618 201 2662 vers.
226 2594 299 2661 112.
323 2583 366 2656 ννῖ
387 2588 442 2658 νόν
463 2592 537 2657 einai
558 2615 585 2655 ro
607 2587 696 2678 potiare
718 2616 771 2660 νον
793 2591 1013 2681 Γραμματικὰ,
1035 2590 1078 2660 udo
1100 2593 1176 2683 ζήσῃ
1195 2605 1212 2666 i.

120 2744 147 2786 e.
170 2710 214 2783 νᾶ
233 2707 287 2782 νὸν
309 2717 382 2783 einai
405 2709 463 2782 dn·
485 2700 601 2802 „point
627 2739 681 2782 roo
702 2745 730 2782 oo.
753 2740 778 2782 r,
800 2716 847 2783 d.”
898 2724 995 2810 Apud
1024 2723 1214 2813 Ptoohopro

120 2847 265 2909 dromum
289 2845 415 2925 quidem
437 2865 465 2902 n
487 2845 553 2907 alio
575 2844 761 2926 significatu
782 2849 923 2930 positum
945 2857 1003 2925 est,
1027 2868 1065 2910 eo
1088 2849 1213 2926 seilicet,

27 2990 29 2996 ·
119 2985 181 3044 quo
204 2954 249 3021 dn
265 2967 336 3042 jam
358 2962 443 3043 apud
465 2962 594 3023 Atticos
616 2962 814 3043 pleonastiee
835 2976 1022 3050 usurpatur,
1051 2972 1106 3034 ubi
1129 2964 1239 3036 verte

119 3084 254 3166 alicujus
275 3082 313 3144 in
335 3081 481 3144 oratione
497 3092 586 3144 reota
603 3082 795 3161 reseruntur,
818 3086 873 3147 sed
890 3087 999 3150 eadem
1018 3102 1128 3157 tamen
1144 3093 1215 3159 haee

120 3208 240 3269 formae
262 3204 422 3269 mutilatio
445 3215 502 3268 est.
548 3204 599 3268 De
622 3204 747 3286 reliquo
768 3205 1062 3291 nihilwsrequentius
1083 3217 1119 3280 in
1135 3217 1216 3300 vulgi

121 3350 175 3394 ore
199 3330 360 3414 reperitur
388 3348 483 3410 quam
511 3330 646 3412 abjectio
676 3330 796 3392 vocalis
818 3355 835 3390 ο
858 3334 893 3395 in
915 3333 1076 3418 principio
1099 3359 1215 3403 vocum·

120 3454 232 3534 ltaque
255 3453 367 3536 vulgus
389 3444 478 3533 λίνος
500 3453 579 3515 dioit
600 3472 659 3538 pro
683 3442 795 3531 ὀλίγος,
808 3451 985 3531 ’λιγοξννμῶ
1004 3466 1036 3513 et
1051 3457 1216 3536 dtyodoxd

10 3656 11 3663 ἵ
120 3596 180 3661 pro
210 3567 394 3656 ὄλιγοὲυμῶ
420 3585 453 3638 et
481 3568 674 3655 ὄλιγοψυχῶ.
727 3573 774 3638 Cf.
807 3573 881 3638 001·-
901 3565 1041 3634 ''Arattm
1062 3575 1087 3637 Ι.
1113 3601 1144 3664 p.
1172 3581 1215 3648 85.

120 3695 241 3783 Eodem
253 3697 346 3760 modo
358 3698 467 3762 Zenus
479 3718 559 3763 vers.
575 3695 647 3761 456.
660 3695 811 3783 paraphr.
828 3688 868 3757 roi
877 3687 975 3769 νύχια
986 3685 1078 3770 εἶχαν
1089 3692 1216 3781 ξύμήνα,

121 3808 186 3877 σὰν
206 3807 247 3876 νά
266 3810 392 3889 ’χουσιν
414 3815 434 3900 ᾖ
455 3811 569 3903 γάναις
591 3842 649 3907 pro
672 3811 711 3879 roi
735 3809 851 3892 ὀνύχια
880 3807 972 3892 εἶχαν
999 3810 1150 3899 ὀξύμηνα.

196 3932 1215 4028 ,ΜΜΜΜΜΜΜΜΜ

122 4063 205 4127 Orto
227 4074 275 4126 est
297 4063 378 4128 haeo
400 4065 559 4151 porticula
581 4085 622 4127 ex
644 4061 680 4142 τῇ
702 4052 769 4142 ὥρᾳ
792 4065 924 4144 ideoque
948 4066 1091 4129 acuenda
1114 4083 1165 4133 est
1186 4073 1216 4133 in

123 4184 300 4270 penultima
322 4187 457 4288 syllaba,
480 4207 547 4254 non
570 4183 855 4265 circumflectendae,
879 4196 914 4249 ut
937 4207 1031 4274 saepe
1054 4211 1217 4279 perperam
