<?xml version="1.0" encoding="UTF-8"?>
<!DOCTYPE html PUBLIC "-//W3C//DTD XHTML 1.0 Transitional//EN"
    "http://www.w3.org/TR/xhtml1/DTD/xhtml1-transitional.dtd">
<html xmlns="http://www.w3.org/1999/xhtml" xml:lang="en" lang="en">
 <head>
  <title>
</title>
<meta http-equiv="Content-Type" content="text/html;charset=utf-8" />
  <meta name='ocr-system' content='tesseract 3.04.00' />
  <meta name='ocr-capabilities' content='ocr_page ocr_carea ocr_par ocr_line ocrx_word'/>
</head>
<body>
  <div class='ocr_page' id='page_1' title='image "./demetriizenipar00mullgoog_0043.png"; bbox 0 0 2684 4740; ppageno 0'>
   <div class='ocr_carea' id='block_1_1' title="bbox 147 223 300 287">
    <p class='ocr_par' dir='ltr' id='par_1_1' title="bbox 147 223 300 287">
     <span class='ocr_line' id='line_1_1' title="bbox 147 223 300 287; baseline -0.033 0"><span class='ocrx_word' id='word_1_1' title='bbox 147 223 151 228; x_wconf 83' lang='grc'><strong>’</strong></span> <span class='ocrx_word' id='word_1_2' title='bbox 190 234 300 287; x_wconf 80' lang='lat' dir='ltr'><strong>xxxvi</strong></span> 
     </span>
    </p>
   </div>
   <div class='ocr_carea' id='block_1_2' title="bbox 120 394 1335 4315">
    <p class='ocr_par' dir='ltr' id='par_1_2' title="bbox 120 394 1335 3760">
     <span class='ocr_line' id='line_1_2' title="bbox 190 394 1294 499; baseline -0.005 -22"><span class='ocrx_word' id='word_1_3' title='bbox 190 403 321 478; x_wconf 87' lang='lat' dir='ltr'><strong>alalsis</strong></span> <span class='ocrx_word' id='word_1_4' title='bbox 329 402 589 488; x_wconf 84' lang='lat' dir='ltr'><strong>discernantur,</strong></span> <span class='ocrx_word' id='word_1_5' title='bbox 603 398 673 499; x_wconf 89' lang='lat' dir='ltr'><strong>legi</strong></span> <span class='ocrx_word' id='word_1_6' title='bbox 686 405 848 499; x_wconf 84' lang='lat' dir='ltr'><strong>oportet.¹</strong></span> <span class='ocrx_word' id='word_1_7' title='bbox 870 396 980 497; x_wconf 87' lang='lat' dir='ltr'><strong>Quod</strong></span> <span class='ocrx_word' id='word_1_8' title='bbox 996 397 1026 470; x_wconf 90' lang='lat' dir='ltr'><strong>si</strong></span> <span class='ocrx_word' id='word_1_9' title='bbox 1046 394 1208 485; x_wconf 84' lang='lat' dir='ltr'><strong>iacimus,</strong></span> <span class='ocrx_word' id='word_1_10' title='bbox 1233 399 1294 471; x_wconf 91' lang='lat' dir='ltr'><strong>mi·</strong></span> 
     </span>
     <span class='ocr_line' id='line_1_3' title="bbox 192 529 1295 638; baseline -0.005 -29"><span class='ocrx_word' id='word_1_11' title='bbox 192 561 269 609; x_wconf 91' lang='lat' dir='ltr'><strong>rum</strong></span> <span class='ocrx_word' id='word_1_12' title='bbox 296 544 467 633; x_wconf 90' lang='lat' dir='ltr'><strong>quantum</strong></span> <span class='ocrx_word' id='word_1_13' title='bbox 493 531 576 605; x_wconf 87' lang='lat' dir='ltr'><strong>inde</strong></span> <span class='ocrx_word' id='word_1_14' title='bbox 594 532 808 638; x_wconf 78' lang='lat' dir='ltr'><strong>proficimus</strong></span> <span class='ocrx_word' id='word_1_15' title='bbox 856 529 917 603; x_wconf 87' lang='lat' dir='ltr'><strong>Ad</strong></span> <span class='ocrx_word' id='word_1_16' title='bbox 936 555 1041 628; x_wconf 90' lang='lat' dir='ltr'><strong>quam</strong></span> <span class='ocrx_word' id='word_1_17' title='bbox 1058 553 1134 602; x_wconf 88' lang='lat' dir='ltr'><strong>rem</strong></span> <span class='ocrx_word' id='word_1_18' title='bbox 1160 531 1295 628; x_wconf 88' lang='lat' dir='ltr'><strong>praeci·</strong></span> 
     </span>
     <span class='ocr_line' id='line_1_4' title="bbox 191 658 1335 765; baseline -0.005 -26"><span class='ocrx_word' id='word_1_19' title='bbox 191 663 647 765; x_wconf 86' lang='lat' dir='ltr'><strong>puevulgarisGmecorum</strong></span> <span class='ocrx_word' id='word_1_20' title='bbox 663 662 803 759; x_wconf 81' lang='lat' dir='ltr'><strong>linguae</strong></span> <span class='ocrx_word' id='word_1_21' title='bbox 820 661 946 761; x_wconf 84' lang='lat' dir='ltr'><strong>peritia</strong></span> <span class='ocrx_word' id='word_1_22' title='bbox 959 685 1048 761; x_wconf 93' lang='lat' dir='ltr'><strong>opus</strong></span> <span class='ocrx_word' id='word_1_23' title='bbox 1059 669 1124 734; x_wconf 88' lang='lat' dir='ltr'><strong>est.</strong></span> <span class='ocrx_word' id='word_1_24' title='bbox 1143 658 1230 759; x_wconf 87' lang='lat' dir='ltr'><strong>Qua</strong></span> <span class='ocrx_word' id='word_1_25' title='bbox 1238 661 1295 759; x_wconf 93' lang='lat' dir='ltr'><strong>qui</strong></span> <span class='ocrx_word' id='word_1_26' title='bbox 1333 700 1335 715; x_wconf 82' lang='lat'><em>=</em></span> 
     </span>
     <span class='ocr_line' id='line_1_5' title="bbox 192 791 1295 896; baseline -0.004 -26"><span class='ocrx_word' id='word_1_27' title='bbox 192 794 320 896; x_wconf 88' lang='lat' dir='ltr'><strong>pollet,</strong></span> <span class='ocrx_word' id='word_1_28' title='bbox 349 794 381 868; x_wconf 80' lang='lat' dir='ltr'><strong>i&#39;s</strong></span> <span class='ocrx_word' id='word_1_29' title='bbox 413 793 510 867; x_wconf 92' lang='lat' dir='ltr'><strong>nullo</strong></span> <span class='ocrx_word' id='word_1_30' title='bbox 535 795 681 892; x_wconf 86' lang='lat' dir='ltr'><strong>negotio</strong></span> <span class='ocrx_word' id='word_1_31' title='bbox 713 792 781 866; x_wconf 93' lang='lat' dir='ltr'><strong>hos</strong></span> <span class='ocrx_word' id='word_1_32' title='bbox 813 792 1085 867; x_wconf 66' lang='lat' dir='ltr'><strong>commentarios</strong></span> <span class='ocrx_word' id='word_1_33' title='bbox 1109 791 1295 889; x_wconf 89' lang='lat' dir='ltr'><strong>pervolvit</strong></span> 
     </span>
     <span class='ocr_line' id='line_1_6' title="bbox 311 923 1296 1024; baseline -0.002 -26"><span class='ocrx_word' id='word_1_34' title='bbox 311 936 314 941; x_wconf 84' lang='lat'>&#39;</span> <span class='ocrx_word' id='word_1_35' title='bbox 336 923 451 999; x_wconf 85' lang='lat' dir='ltr'><strong>Porro</strong></span> <span class='ocrx_word' id='word_1_36' title='bbox 475 923 647 999; x_wconf 80' lang='lat' dir='ltr'><strong>historiae</strong></span> <span class='ocrx_word' id='word_1_37' title='bbox 670 924 885 1022; x_wconf 87' lang='lat' dir='ltr'><strong>Byzantinae</strong></span> <span class='ocrx_word' id='word_1_38' title='bbox 909 925 1120 1024; x_wconf 74' lang='lat' dir='ltr'><strong>scriptores,</strong></span> <span class='ocrx_word' id='word_1_39' title='bbox 1144 926 1296 1022; x_wconf 78' lang='lat' dir='ltr'><strong>quorum</strong></span> 
     </span>
     <span class='ocr_line' id='line_1_7' title="bbox 192 1053 1297 1155; baseline -0.003 -24"><span class='ocrx_word' id='word_1_40' title='bbox 192 1057 251 1131; x_wconf 89' lang='lat' dir='ltr'><strong>alii</strong></span> <span class='ocrx_word' id='word_1_41' title='bbox 286 1054 430 1145; x_wconf 92' lang='lat' dir='ltr'><strong>melius,</strong></span> <span class='ocrx_word' id='word_1_42' title='bbox 475 1054 533 1128; x_wconf 93' lang='lat' dir='ltr'><strong>alii</strong></span> <span class='ocrx_word' id='word_1_43' title='bbox 571 1055 727 1129; x_wconf 89' lang='lat' dir='ltr'><strong>deterius</strong></span> <span class='ocrx_word' id='word_1_44' title='bbox 767 1057 1003 1155; x_wconf 85' lang='lat' dir='ltr'><strong>scripserunt,</strong></span> <span class='ocrx_word' id='word_1_45' title='bbox 1048 1053 1173 1128; x_wconf 79' lang='lat' dir='ltr'><strong>relecti</strong></span> <span class='ocrx_word' id='word_1_46' title='bbox 1214 1065 1297 1129; x_wconf 92' lang='lat' dir='ltr'><strong>sunt</strong></span> 
     </span>
     <span class='ocr_line' id='line_1_8' title="bbox 191 1178 1297 1288; baseline 0 -28"><span class='ocrx_word' id='word_1_47' title='bbox 191 1186 381 1288; x_wconf 83' lang='lat' dir='ltr'><strong>phrasibus</strong></span> <span class='ocrx_word' id='word_1_48' title='bbox 411 1186 633 1284; x_wconf 86' lang='lat' dir='ltr'><strong>vocibusque</strong></span> <span class='ocrx_word' id='word_1_49' title='bbox 665 1185 821 1284; x_wconf 88' lang='lat' dir='ltr'><strong>vulgaris</strong></span> <span class='ocrx_word' id='word_1_50' title='bbox 859 1178 1078 1261; x_wconf 81' lang='lat' dir='ltr'><strong>Graecorum</strong></span> <span class='ocrx_word' id='word_1_51' title='bbox 1109 1187 1297 1275; x_wconf 88' lang='lat' dir='ltr'><strong>sermonis,</strong></span> 
     </span>
     <span class='ocr_line' id='line_1_9' title="bbox 191 1315 1297 1418; baseline -0.001 -26"><span class='ocrx_word' id='word_1_52' title='bbox 191 1345 283 1416; x_wconf 85' lang='lat' dir='ltr'><strong>quas</strong></span> <span class='ocrx_word' id='word_1_53' title='bbox 311 1316 370 1393; x_wconf 88' lang='lat' dir='ltr'><strong>vel</strong></span> <span class='ocrx_word' id='word_1_54' title='bbox 401 1315 532 1390; x_wconf 88' lang='lat' dir='ltr'><strong>lrustra</strong></span> <span class='ocrx_word' id='word_1_55' title='bbox 564 1316 602 1389; x_wconf 93' lang='lat' dir='ltr'><strong>in</strong></span> <span class='ocrx_word' id='word_1_56' title='bbox 632 1315 754 1391; x_wconf 86' lang='lat' dir='ltr'><strong>lexicis</strong></span> <span class='ocrx_word' id='word_1_57' title='bbox 787 1344 938 1416; x_wconf 90' lang='lat' dir='ltr'><strong>quaeras</strong></span> <span class='ocrx_word' id='word_1_58' title='bbox 968 1316 1026 1394; x_wconf 86' lang='lat' dir='ltr'><strong>vel</strong></span> <span class='ocrx_word' id='word_1_59' title='bbox 1051 1318 1088 1389; x_wconf 92' lang='lat' dir='ltr'><strong>in</strong></span> <span class='ocrx_word' id='word_1_60' title='bbox 1113 1316 1297 1418; x_wconf 82' lang='lat' dir='ltr'><strong>glossariis</strong></span> 
     </span>
     <span class='ocr_line' id='line_1_10' title="bbox 189 1425 1304 1547; baseline 0.002 -26"><span class='ocrx_word' id='word_1_61' title='bbox 189 1445 329 1522; x_wconf 88' lang='lat' dir='ltr'><strong>mediae</strong></span> <span class='ocrx_word' id='word_1_62' title='bbox 367 1425 567 1546; x_wconf 84' lang='lat' dir='ltr'><strong>graecitatis</strong></span> <span class='ocrx_word' id='word_1_63' title='bbox 610 1445 818 1547; x_wconf 83' lang='lat' dir='ltr'><strong>frequenter</strong></span> <span class='ocrx_word' id='word_1_64' title='bbox 859 1448 950 1523; x_wconf 84' lang='lat' dir='ltr'><strong>falso</strong></span> <span class='ocrx_word' id='word_1_65' title='bbox 996 1448 1126 1547; x_wconf 82' lang='lat' dir='ltr'><strong>exponi</strong></span> <span class='ocrx_word' id='word_1_66' title='bbox 1163 1444 1304 1526; x_wconf 83' lang='lat' dir='ltr'><strong>videas.¹</strong></span> 
     </span>
     <span class='ocr_line' id='line_1_11' title="bbox 193 1560 1299 1668; baseline 0 -14"><span class='ocrx_word' id='word_1_67' title='bbox 193 1578 350 1653; x_wconf 86' lang='lat' dir='ltr'><strong>Proinde</strong></span> <span class='ocrx_word' id='word_1_68' title='bbox 368 1560 619 1651; x_wconf 78' lang='lat' dir='ltr'><strong>eruditissimis</strong></span> <span class='ocrx_word' id='word_1_69' title='bbox 645 1578 751 1651; x_wconf 90' lang='lat' dir='ltr'><strong>etiam</strong></span> <span class='ocrx_word' id='word_1_70' title='bbox 775 1579 861 1657; x_wconf 90' lang='lat' dir='ltr'><strong>viris</strong></span> <span class='ocrx_word' id='word_1_71' title='bbox 888 1577 1025 1668; x_wconf 89' lang='lat' dir='ltr'><strong>accidit,</strong></span> <span class='ocrx_word' id='word_1_72' title='bbox 1050 1588 1091 1652; x_wconf 91' lang='lat' dir='ltr'><strong>ut</strong></span> <span class='ocrx_word' id='word_1_73' title='bbox 1117 1579 1186 1655; x_wconf 92' lang='lat' dir='ltr'><strong>hos</strong></span> <span class='ocrx_word' id='word_1_74' title='bbox 1213 1583 1299 1656; x_wconf 89' lang='lat' dir='ltr'><strong>scri-</strong></span> 
     </span>
     <span class='ocr_line' id='line_1_12' title="bbox 192 1708 1299 1821; baseline 0.002 -37"><span class='ocrx_word' id='word_1_75' title='bbox 192 1720 316 1811; x_wconf 82' lang='lat' dir='ltr'><strong>ptores</strong></span> <span class='ocrx_word' id='word_1_76' title='bbox 333 1710 424 1782; x_wconf 87' lang='lat' dir='ltr'><strong>male</strong></span> <span class='ocrx_word' id='word_1_77' title='bbox 441 1709 770 1807; x_wconf 83' lang='lat' dir='ltr'><strong>interpretarentur.</strong></span> <span class='ocrx_word' id='word_1_78' title='bbox 815 1708 936 1809; x_wconf 81' lang='lat' dir='ltr'><strong>Quem</strong></span> <span class='ocrx_word' id='word_1_79' title='bbox 951 1737 1038 1790; x_wconf 84' lang='lat' dir='ltr'><strong>vero</strong></span> <span class='ocrx_word' id='word_1_80' title='bbox 1055 1709 1155 1821; x_wconf 80' lang='lat' dir='ltr'><strong>fugit,</strong></span> <span class='ocrx_word' id='word_1_81' title='bbox 1174 1710 1299 1811; x_wconf 88' lang='lat' dir='ltr'><strong>quanti</strong></span> 
     </span>
     <span class='ocr_line' id='line_1_13' title="bbox 192 1838 1301 1943; baseline 0.003 -29"><span class='ocrx_word' id='word_1_82' title='bbox 192 1840 299 1943; x_wconf 86' lang='lat' dir='ltr'><strong>pretii</strong></span> <span class='ocrx_word' id='word_1_83' title='bbox 329 1839 402 1913; x_wconf 89' lang='lat' dir='ltr'><strong>sint</strong></span> <span class='ocrx_word' id='word_1_84' title='bbox 433 1838 491 1911; x_wconf 90' lang='lat' dir='ltr'><strong>illa</strong></span> <span class='ocrx_word' id='word_1_85' title='bbox 521 1839 690 1913; x_wconf 86' lang='lat' dir='ltr'><strong>historiae</strong></span> <span class='ocrx_word' id='word_1_86' title='bbox 720 1839 941 1938; x_wconf 83' lang='lat' dir='ltr'><strong>Byzantinae</strong></span> <span class='ocrx_word' id='word_1_87' title='bbox 971 1852 1219 1933; x_wconf 88' lang='lat' dir='ltr'><strong>monumenta,</strong></span> <span class='ocrx_word' id='word_1_88' title='bbox 1257 1870 1301 1917; x_wconf 83' lang='lat' dir='ltr'><strong>ex</strong></span> 
     </span>
     <span class='ocr_line' id='line_1_14' title="bbox 194 1967 1300 2074; baseline 0.005 -31"><span class='ocrx_word' id='word_1_89' title='bbox 194 1971 322 2071; x_wconf 93' lang='lat' dir='ltr'><strong>quibus</strong></span> <span class='ocrx_word' id='word_1_90' title='bbox 353 1967 542 2042; x_wconf 84' lang='lat' dir='ltr'><strong>multorum</strong></span> <span class='ocrx_word' id='word_1_91' title='bbox 574 1970 732 2067; x_wconf 91' lang='lat' dir='ltr'><strong>gentium</strong></span> <span class='ocrx_word' id='word_1_92' title='bbox 763 1971 863 2074; x_wconf 89' lang='lat' dir='ltr'><strong>origo</strong></span> <span class='ocrx_word' id='word_1_93' title='bbox 898 1981 936 2046; x_wconf 88' lang='lat' dir='ltr'><strong>et</strong></span> <span class='ocrx_word' id='word_1_94' title='bbox 967 1970 1115 2049; x_wconf 89' lang='lat' dir='ltr'><strong>historia</strong></span> <span class='ocrx_word' id='word_1_95' title='bbox 1147 1972 1300 2068; x_wconf 81' lang='lat' dir='ltr'><strong>discitur</strong></span> 
     </span>
     <span class='ocr_line' id='line_1_15' title="bbox 192 2100 1299 2204; baseline 0.004 -28"><span class='ocrx_word' id='word_1_96' title='bbox 192 2101 395 2200; x_wconf 81' lang='lat' dir='ltr'><strong>multaeque</strong></span> <span class='ocrx_word' id='word_1_97' title='bbox 420 2125 478 2175; x_wconf 90' lang='lat' dir='ltr'><strong>res</strong></span> <span class='ocrx_word' id='word_1_98' title='bbox 504 2100 620 2175; x_wconf 89' lang='lat' dir='ltr'><strong>medio</strong></span> <span class='ocrx_word' id='word_1_99' title='bbox 647 2129 735 2178; x_wconf 89' lang='lat' dir='ltr'><strong>aevo</strong></span> <span class='ocrx_word' id='word_1_100' title='bbox 761 2113 898 2202; x_wconf 82' lang='lat' dir='ltr'><strong>gestae,</strong></span> <span class='ocrx_word' id='word_1_101' title='bbox 925 2131 1016 2204; x_wconf 87' lang='lat' dir='ltr'><strong>quac</strong></span> <span class='ocrx_word' id='word_1_102' title='bbox 1040 2104 1110 2178; x_wconf 92' lang='lat' dir='ltr'><strong>nisi</strong></span> <span class='ocrx_word' id='word_1_103' title='bbox 1142 2103 1201 2180; x_wconf 92' lang='lat' dir='ltr'><strong>hic</strong></span> <span class='ocrx_word' id='word_1_104' title='bbox 1226 2133 1299 2179; x_wconf 86' lang='lat' dir='ltr'><strong>me-</strong></span> 
     </span>
     <span class='ocr_line' id='line_1_16' title="bbox 193 2226 1296 2331; baseline 0.002 -24"><span class='ocrx_word' id='word_1_105' title='bbox 193 2243 426 2321; x_wconf 85' lang='lat' dir='ltr'><strong>morarentur,</strong></span> <span class='ocrx_word' id='word_1_106' title='bbox 450 2243 622 2331; x_wconf 90' lang='lat' dir='ltr'><strong>perpetua</strong></span> <span class='ocrx_word' id='word_1_107' title='bbox 649 2234 825 2311; x_wconf 88' lang='lat' dir='ltr'><strong>oblivione</strong></span> <span class='ocrx_word' id='word_1_108' title='bbox 859 2235 997 2309; x_wconf 89' lang='lat' dir='ltr'><strong>deletae</strong></span> <span class='ocrx_word' id='word_1_109' title='bbox 1030 2247 1163 2310; x_wconf 90' lang='lat' dir='ltr'><strong>essent.</strong></span> <span class='ocrx_word' id='word_1_110' title='bbox 1213 2226 1296 2312; x_wconf 32' lang='lat' dir='ltr'><strong>‘Ma-</strong></span> 
     </span>
     <span class='ocr_line' id='line_1_17' title="bbox 193 2362 1299 2572; baseline 0.004 -135"><span class='ocrx_word' id='word_1_111' title='bbox 193 2367 287 2438; x_wconf 84' lang='lat' dir='ltr'><strong>xime</strong></span> <span class='ocrx_word' id='word_1_112' title='bbox 310 2362 515 2437; x_wconf 85' lang='lat' dir='ltr'><strong>euiminde</strong></span> <span class='ocrx_word' id='word_1_113' title='bbox 541 2366 789 2459; x_wconf 83' lang='lat' dir='ltr'><strong>cognoscimus</strong></span> <span class='ocrx_word' id='word_1_114' title='bbox 816 2366 1080 2442; x_wconf 84' lang='lat' dir='ltr'><strong>Crucilerorum</strong></span> <span class='ocrx_word' id='word_1_115' title='bbox 1110 2368 1211 2572; x_wconf 54' lang='lat' dir='ltr'><strong>bppla,</strong></span> <span class='ocrx_word' id='word_1_116' title='bbox 1244 2368 1299 2441; x_wconf 91' lang='lat' dir='ltr'><strong>hi-</strong></span> 
     </span>
     <span class='ocr_line' id='line_1_18' title="bbox 194 2482 1299 2600; baseline 0.003 -30"><span class='ocrx_word' id='word_1_117' title='bbox 194 2493 341 2570; x_wconf 88' lang='lat' dir='ltr'><strong>storiam</strong></span> <span class='ocrx_word' id='word_1_118' title='bbox 372 2482 654 2590; x_wconf 89' lang='lat' dir='ltr'><strong>meridionalium</strong></span> <span class='ocrx_word' id='word_1_119' title='bbox 684 2495 852 2596; x_wconf 88' lang='lat' dir='ltr'><strong>Europae</strong></span> <span class='ocrx_word' id='word_1_120' title='bbox 882 2497 1110 2600; x_wconf 90' lang='lat' dir='ltr'><strong>populorum,</strong></span> <span class='ocrx_word' id='word_1_121' title='bbox 1144 2498 1299 2598; x_wconf 85' lang='lat' dir='ltr'><strong>&#39;cuique</strong></span> 
     </span>
     <span class='ocr_line' id='line_1_19' title="bbox 188 2621 1300 2733; baseline 0.005 -35"><span class='ocrx_word' id='word_1_122' title='bbox 188 2621 739 2712; x_wconf 58' lang='grc' dir='ltr'><strong>1Ιίιιεεοωηι,Οιιοιηειιιηοηιηι</strong></span> <span class='ocrx_word' id='word_1_123' title='bbox 770 2639 879 2728; x_wconf 89' lang='lat' dir='ltr'><strong>atque</strong></span> <span class='ocrx_word' id='word_1_124' title='bbox 911 2655 1033 2706; x_wconf 94' lang='lat' dir='ltr'><strong>eorum</strong></span> <span class='ocrx_word' id='word_1_125' title='bbox 1074 2630 1300 2733; x_wconf 92' lang='lat' dir='ltr'><strong>populorum,</strong></span> 
     </span>
     <span class='ocr_line' id='line_1_20' title="bbox 194 2753 1296 2862; baseline 0.007 -31"><span class='ocrx_word' id='word_1_126' title='bbox 194 2755 256 2855; x_wconf 93' lang='lat' dir='ltr'><strong>qui</strong></span> <span class='ocrx_word' id='word_1_127' title='bbox 270 2754 437 2829; x_wconf 89' lang='lat' dir='ltr'><strong>Danubio</strong></span> <span class='ocrx_word' id='word_1_128' title='bbox 455 2765 493 2830; x_wconf 90' lang='lat' dir='ltr'><strong>et</strong></span> <span class='ocrx_word' id='word_1_129' title='bbox 508 2753 627 2833; x_wconf 90' lang='lat' dir='ltr'><strong>Ponto</strong></span> <span class='ocrx_word' id='word_1_130' title='bbox 647 2758 790 2835; x_wconf 84' lang='lat' dir='ltr'><strong>Euxino</strong></span> <span class='ocrx_word' id='word_1_131' title='bbox 808 2763 966 2836; x_wconf 84' lang='lat' dir='ltr'><strong>confines</strong></span> <span class='ocrx_word' id='word_1_132' title='bbox 991 2773 1085 2853; x_wconf 91' lang='lat' dir='ltr'><strong>sunt,</strong></span> <span class='ocrx_word' id='word_1_133' title='bbox 1111 2765 1296 2862; x_wconf 86' lang='lat' dir='ltr'><strong>originem.</strong></span> 
     </span>
     <span class='ocr_line' id='line_1_21' title="bbox 190 2887 1298 2996; baseline 0.009 -36"><span class='ocrx_word' id='word_1_134' title='bbox 190 2887 290 2961; x_wconf 80' lang='lat' dir='ltr'><strong>Haec</strong></span> <span class='ocrx_word' id='word_1_135' title='bbox 315 2887 480 2964; x_wconf 86' lang='lat' dir='ltr'><strong>universa</strong></span> <span class='ocrx_word' id='word_1_136' title='bbox 512 2915 556 2962; x_wconf 86' lang='lat' dir='ltr'><strong>ex</strong></span> <span class='ocrx_word' id='word_1_137' title='bbox 580 2890 662 2965; x_wconf 86' lang='lat' dir='ltr'><strong>istis</strong></span> <span class='ocrx_word' id='word_1_138' title='bbox 693 2891 851 2966; x_wconf 86' lang='lat' dir='ltr'><strong>sontibus</strong></span> <span class='ocrx_word' id='word_1_139' title='bbox 884 2895 917 2965; x_wconf 90' lang='lat' dir='ltr'><strong>ei</strong></span> <span class='ocrx_word' id='word_1_140' title='bbox 941 2893 1083 2965; x_wconf 89' lang='lat' dir='ltr'><strong>haurire</strong></span> <span class='ocrx_word' id='word_1_141' title='bbox 1113 2894 1206 2985; x_wconf 85' lang='lat' dir='ltr'><strong>licet,</strong></span> <span class='ocrx_word' id='word_1_142' title='bbox 1235 2899 1298 2996; x_wconf 93' lang='lat' dir='ltr'><strong>qui</strong></span> 
     </span>
     <span class='ocr_line' id='line_1_22' title="bbox 190 3017 1298 3120; baseline 0.008 -29"><span class='ocrx_word' id='word_1_143' title='bbox 190 3017 372 3120; x_wconf 86' lang='lat' dir='ltr'><strong>popularis</strong></span> <span class='ocrx_word' id='word_1_144' title='bbox 397 3018 537 3117; x_wconf 78' lang='lat' dir='ltr'><strong>linguae</strong></span> <span class='ocrx_word' id='word_1_145' title='bbox 563 3044 710 3116; x_wconf 86' lang='lat' dir='ltr'><strong>graecae</strong></span> <span class='ocrx_word' id='word_1_146' title='bbox 733 3020 860 3092; x_wconf 90' lang='lat' dir='ltr'><strong>notitia</strong></span> <span class='ocrx_word' id='word_1_147' title='bbox 884 3031 1114 3118; x_wconf 87' lang='lat' dir='ltr'><strong>praeparatus</strong></span> <span class='ocrx_word' id='word_1_148' title='bbox 1147 3028 1298 3106; x_wconf 78' lang='lat' dir='ltr'><strong>accedit</strong></span> 
     </span>
     <span class='ocr_line' id='line_1_23' title="bbox 191 3147 1298 3249; baseline 0.008 -25"><span class='ocrx_word' id='word_1_149' title='bbox 191 3149 378 3249; x_wconf 86' lang='lat' dir='ltr'><strong>Siquidem</strong></span> <span class='ocrx_word' id='word_1_150' title='bbox 402 3148 460 3245; x_wconf 93' lang='lat' dir='ltr'><strong>hic</strong></span> <span class='ocrx_word' id='word_1_151' title='bbox 485 3147 838 3245; x_wconf 86' lang='lat' dir='ltr'><strong>interpretationibus</strong></span> <span class='ocrx_word' id='word_1_152' title='bbox 863 3148 999 3239; x_wconf 89' lang='lat' dir='ltr'><strong>latinis,</strong></span> <span class='ocrx_word' id='word_1_153' title='bbox 1032 3178 1123 3249; x_wconf 90' lang='lat' dir='ltr'><strong>quae</strong></span> <span class='ocrx_word' id='word_1_154' title='bbox 1153 3159 1298 3234; x_wconf 88' lang='lat' dir='ltr'><strong>mendis</strong></span> 
     </span>
     <span class='ocr_line' id='line_1_24' title="bbox 120 3272 1298 3384; baseline 0.004 -28"><span class='ocrx_word' id='word_1_155' title='bbox 120 3272 122 3278; x_wconf 43' lang='lat'><strong>¹</strong></span> <span class='ocrx_word' id='word_1_156' title='bbox 191 3288 346 3366; x_wconf 88' lang='lat' dir='ltr'><strong>scatent,</strong></span> <span class='ocrx_word' id='word_1_157' title='bbox 371 3301 444 3347; x_wconf 90' lang='lat' dir='ltr'><strong>non</strong></span> <span class='ocrx_word' id='word_1_158' title='bbox 470 3275 588 3372; x_wconf 87' lang='lat' dir='ltr'><strong>egebit</strong></span> <span class='ocrx_word' id='word_1_159' title='bbox 620 3285 727 3372; x_wconf 88' lang='lat' dir='ltr'><strong>atque</strong></span> <span class='ocrx_word' id='word_1_160' title='bbox 757 3276 891 3375; x_wconf 89' lang='lat' dir='ltr'><strong>ubique</strong></span> <span class='ocrx_word' id='word_1_161' title='bbox 921 3277 1048 3351; x_wconf 90' lang='lat' dir='ltr'><strong>horum</strong></span> <span class='ocrx_word' id='word_1_162' title='bbox 1079 3283 1298 3384; x_wconf 90' lang='lat' dir='ltr'><strong>scriptorum</strong></span> 
     </span>
     <span class='ocr_line' id='line_1_25' title="bbox 191 3402 1295 3511; baseline 0.002 -27"><span class='ocrx_word' id='word_1_163' title='bbox 191 3431 337 3485; x_wconf 88' lang='lat' dir='ltr'><strong>sensum</strong></span> <span class='ocrx_word' id='word_1_164' title='bbox 362 3402 660 3501; x_wconf 85' lang='lat' dir='ltr'><strong>sineiuterprete</strong></span> <span class='ocrx_word' id='word_1_165' title='bbox 690 3418 912 3506; x_wconf 87' lang='lat' dir='ltr'><strong>assequetur.</strong></span> <span class='ocrx_word' id='word_1_166' title='bbox 968 3408 1159 3484; x_wconf 90' lang='lat' dir='ltr'><strong>Caeterum</strong></span> <span class='ocrx_word' id='word_1_167' title='bbox 1185 3439 1295 3511; x_wconf 89' lang='lat' dir='ltr'><strong>quam</strong></span> 
     </span>
     <span class='ocr_line' id='line_1_26' title="bbox 188 3530 1295 3644; baseline 0.003 -35"><span class='ocrx_word' id='word_1_168' title='bbox 188 3536 294 3638; x_wconf 90' lang='lat' dir='ltr'><strong>pauci</strong></span> <span class='ocrx_word' id='word_1_169' title='bbox 318 3533 406 3623; x_wconf 91' lang='lat' dir='ltr'><strong>sint,</strong></span> <span class='ocrx_word' id='word_1_170' title='bbox 432 3532 495 3633; x_wconf 92' lang='lat' dir='ltr'><strong>qui</strong></span> <span class='ocrx_word' id='word_1_171' title='bbox 519 3530 578 3605; x_wconf 82' lang='lat' dir='ltr'><strong>dc&#39;</strong></span> <span class='ocrx_word' id='word_1_172' title='bbox 594 3532 651 3610; x_wconf 89' lang='lat' dir='ltr'><strong>his</strong></span> <span class='ocrx_word' id='word_1_173' title='bbox 681 3563 800 3613; x_wconf 88' lang='lat' dir='ltr'><strong>rerum</strong></span> <span class='ocrx_word' id='word_1_174' title='bbox 832 3537 1105 3641; x_wconf 82' lang='lat' dir='ltr'><strong>Byzantinarum</strong></span> <span class='ocrx_word' id='word_1_175' title='bbox 1135 3570 1295 3644; x_wconf 89' lang='lat' dir='ltr'><strong>pronun.</strong></span> 
     </span>
     <span class='ocr_line' id='line_1_27' title="bbox 189 3660 1135 3760; baseline 0.007 -17"><span class='ocrx_word' id='word_1_176' title='bbox 189 3660 376 3743; x_wconf 87' lang='lat' dir='ltr'><strong>tiatoribus</strong></span> <span class='ocrx_word' id='word_1_177' title='bbox 406 3665 499 3739; x_wconf 89' lang='lat' dir='ltr'><strong>bene</strong></span> <span class='ocrx_word' id='word_1_178' title='bbox 529 3671 737 3760; x_wconf 87' lang='lat' dir='ltr'><strong>meruerint,</strong></span> <span class='ocrx_word' id='word_1_179' title='bbox 770 3683 856 3747; x_wconf 88' lang='lat' dir='ltr'><strong>nota</strong></span> <span class='ocrx_word' id='word_1_180' title='bbox 885 3700 945 3749; x_wconf 90' lang='lat' dir='ltr'><strong>res</strong></span> <span class='ocrx_word' id='word_1_181' title='bbox 977 3685 1043 3750; x_wconf 88' lang='lat' dir='ltr'><strong>est.</strong></span> <span class='ocrx_word' id='word_1_182' title='bbox 1132 3682 1135 3686; x_wconf 81' lang='grc'><strong>’</strong></span> 
     </span>
    </p>

    <p class='ocr_par' dir='ltr' id='par_1_3' title="bbox 129 3794 1294 4315">
     <span class='ocr_line' id='line_1_28' title="bbox 299 3794 1294 3904; baseline 0.022 -38"><span class='ocrx_word' id='word_1_183' title='bbox 299 3856 302 3863; x_wconf 96' lang='grc'>.</span> <span class='ocrx_word' id='word_1_184' title='bbox 333 3794 523 3871; x_wconf 87' lang='lat' dir='ltr'><strong>Praeterea</strong></span> <span class='ocrx_word' id='word_1_185' title='bbox 537 3798 708 3874; x_wconf 88' lang='lat' dir='ltr'><strong>ecclesiae</strong></span> <span class='ocrx_word' id='word_1_186' title='bbox 722 3829 867 3904; x_wconf 88' lang='lat' dir='ltr'><strong>graecae</strong></span> <span class='ocrx_word' id='word_1_187' title='bbox 875 3805 1012 3895; x_wconf 87' lang='lat' dir='ltr'><strong>Patres,</strong></span> <span class='ocrx_word' id='word_1_188' title='bbox 1025 3831 1177 3904; x_wconf 91' lang='lat' dir='ltr'><strong>quorum</strong></span> <span class='ocrx_word' id='word_1_189' title='bbox 1189 3812 1294 3888; x_wconf 94' lang='lat' dir='ltr'><strong>multi</strong></span> 
     </span>
     <span class='ocr_line' id='line_1_29' title="bbox 190 3927 1291 4039; baseline 0.016 -38"><span class='ocrx_word' id='word_1_190' title='bbox 190 3927 536 4026; x_wconf 87' lang='lat' dir='ltr'><strong>summaeloqucntia</strong></span> <span class='ocrx_word' id='word_1_191' title='bbox 548 3929 707 4032; x_wconf 88' lang='lat' dir='ltr'><strong>insigues</strong></span> <span class='ocrx_word' id='word_1_192' title='bbox 716 3934 994 4035; x_wconf 86' lang='lat' dir='ltr'><strong>luerunt,neque</strong></span> <span class='ocrx_word' id='word_1_193' title='bbox 1007 3938 1123 4011; x_wconf 91' lang='lat' dir='ltr'><strong>minus</strong></span> <span class='ocrx_word' id='word_1_194' title='bbox 1136 3939 1291 4039; x_wconf 82' lang='lat' dir='ltr'><strong>ingenio,</strong></span> 
     </span>
     <span class='ocr_line' id='line_1_30' title="bbox 190 4062 1291 4164; baseline 0.017 -32"><span class='ocrx_word' id='word_1_195' title='bbox 190 4067 296 4159; x_wconf 78' lang='lat' dir='ltr'><strong>quam</strong></span> <span class='ocrx_word' id='word_1_196' title='bbox 309 4068 405 4134; x_wconf 89' lang='lat' dir='ltr'><strong>tersa</strong></span> <span class='ocrx_word' id='word_1_197' title='bbox 423 4062 581 4135; x_wconf 89' lang='lat' dir='ltr'><strong>oratione</strong></span> <span class='ocrx_word' id='word_1_198' title='bbox 597 4068 863 4164; x_wconf 89' lang='lat' dir='ltr'><strong>praestiterunt,</strong></span> <span class='ocrx_word' id='word_1_199' title='bbox 875 4067 1044 4143; x_wconf 87' lang='lat' dir='ltr'><strong>vocabula</strong></span> <span class='ocrx_word' id='word_1_200' title='bbox 1058 4079 1177 4143; x_wconf 87' lang='lat' dir='ltr'><strong>tamen</strong></span> <span class='ocrx_word' id='word_1_201' title='bbox 1191 4072 1291 4150; x_wconf 90' lang='lat' dir='ltr'><strong>litur-</strong></span> 
     </span>
     <span class='ocr_line' id='line_1_31' title="bbox 129 4189 1289 4315; baseline 0.011 -46"><span class='ocrx_word' id='word_1_202' title='bbox 129 4257 132 4261; x_wconf 91' lang='lat'>.</span> <span class='ocrx_word' id='word_1_203' title='bbox 191 4192 268 4291; x_wconf 81' lang='lat' dir='ltr'><strong>gica</strong></span> <span class='ocrx_word' id='word_1_204' title='bbox 279 4190 437 4289; x_wconf 83' lang='lat' dir='ltr'><strong>aliasque</strong></span> <span class='ocrx_word' id='word_1_205' title='bbox 450 4189 845 4315; x_wconf 51' lang='lat' dir='ltr'><strong>locutionffusmpanq</strong></span> <span class='ocrx_word' id='word_1_206' title='bbox 865 4225 957 4297; x_wconf 87' lang='lat' dir='ltr'><strong>quae</strong></span> <span class='ocrx_word' id='word_1_207' title='bbox 971 4210 1044 4276; x_wconf 88' lang='lat' dir='ltr'><strong>utu</strong></span> <span class='ocrx_word' id='word_1_208' title='bbox 1061 4211 1223 4279; x_wconf 86' lang='lat' dir='ltr'><strong>veterum</strong></span> <span class='ocrx_word' id='word_1_209' title='bbox 1235 4206 1289 4289; x_wconf 89' lang='lat' dir='ltr'><strong>di·</strong></span> 
     </span>
    </p>
   </div>
   <div class='ocr_carea' id='block_1_3' title="bbox 0 0 1347 4740">
    <p class='ocr_par' dir='ltr' id='par_1_4' title="bbox 0 0 1347 4740">
     <span class='ocr_line' id='line_1_32' title="bbox 0 0 1347 4740; baseline 0 0"><span class='ocrx_word' id='word_1_210' title='bbox 0 0 1347 4740; x_wconf 95' lang='lat' dir='ltr'><strong> </strong></span> 
     </span>
    </p>
   </div>
  </div>
 </body>
</html>
