2684 4740
132 203 181 279 tm

132 400 262 468 leriorls
283 394 400 461 aetatis
424 391 557 458 Graecis
580 403 629 456 est
645 409 794 479 possum,
816 389 927 459 vulco.
972 393 1024 458 De
1047 391 1111 458 hac
1135 394 1236 459 lorme

132 525 203 589 vide
225 541 306 603 quae
327 518 439 582 notavi
461 517 604 582 advers.
629 513 701 581 123.
725 549 769 562 —
791 509 971 602 c’orpcpc'roe
985 537 1045 606 pro
1063 510 1233 599 iorpslpcrc

130 658 167 712 ut
188 666 269 711 vers.
294 638 368 707 141.
395 658 398 664 ’

189 756 191 761 ⁴
260 766 304 830 V.
328 759 401 828 143.
424 795 469 808 -
488 749 696 842 ’μποροῦμενο
717 781 775 847 per
797 759 992 848 aphaeresin
1014 773 1048 826 et
1070 784 1231 851 apocopen

130 911 190 979 pro
214 873 455 968 ἓμποροῦμενου,
479 884 561 966 quod
576 904 634 969 pro
649 885 820 971 participio
835 904 939 970 praes.
962 904 1047 969 pass.
1071 888 1163 950 verbi
1185 881 1230 966 ε’μ.

130 1010 223 1093 tropei,
247 1011 286 1072 de
309 1029 370 1090 quo
393 1007 488 1071 modo
510 1008 573 1089 egl,
597 1005 776 1070 habendum
800 1019 858 1069 est.
882 1005 942 1069 Est
964 1018 1071 1069 autem
1086 998 1122 1068 nl
1146 1003 1228 1089 ε’μπο.

129 1123 282 1216 ροῦμενον
297 1132 391 1212 idem,
414 1130 497 1212 quod
518 1119 552 1188 ro
574 1120 720 1194 cucuron.
743 1164 787 1181 .-
808 1118 852 1188 clo
872 1117 977 1210 plump
1000 1127 1021 1194 3
1043 1151 1128 1216 pers.
1150 1134 1226 1216 sing.

49 1216 54 1225 ¹
130 1248 305 1341 conpaor.
329 1265 390 1317 act.
412 1254 500 1316 verbi
526 1244 616 1333 γλύω
646 1253 686 1315 ab
714 1254 845 1334 antiquo
875 1240 975 1311 ἒκλῦω
1004 1252 1224 1340 depravatione

129 1378 201 1442 orti.
247 1375 296 1440 Cl.
320 1378 439 1438 observ.
462 1375 503 1436 ad
524 1393 606 1436 vers.
630 1370 681 1437 91.

261 1497 304 1560 V.
330 1493 402 1559 145.
445 1480 542 1554 uocati
566 1494 618 1558 vel
645 1487 776 1553 κουπίον
804 1508 915 1560 natum
948 1497 1048 1561 solita
1075 1499 1225 1563 vocalium

127 1620 305 1685 mutatione
327 1638 369 1680 ex
389 1607 508 1676 κωπίον
530 1627 683 1696 veterum,
706 1636 807 1698 neque
829 1639 904 1683 vero
924 1639 1074 1704 proruam
1092 1608 1224 1699 *remum

126 1743 184 1807 sed
206 1742 338 1805 omnino
360 1758 497 1814 remum,
517 1727 624 1814 κώπην
646 1738 804 1822 designat.
833 1774 877 1793 w
903 1740 956 1805 De
980 1727 1093 1824 ἔσυρωε
1116 1746 1156 1807 cf.
1178 1745 1224 1808 al-

125 1876 192 1930 not.
214 1864 256 1929 ad
278 1883 358 1928 vers.
380 1860 434 1928 98.
456 1898 500 1909 --
522 1849 594 1942 ‹lpcl’
618 1861 795 1945 vulgariter
813 1883 872 1951 pro
895 1851 994 1944 οὐράν
1015 1880 1197 1952 usurpatur.

257 1984 301 2047 V.
325 1980 399 2048 146.
444 1977 563 2044 eutem
590 2004 661 2070 pro.
678 1978 787 2044 ἐδέετο.
818 1983 884 2048 ct.
902 1985 956 2071 ad
984 2006 1064 2051 vers.
1090 1987 1164 2054 123.
1184 2024 1224 2035 —

124 2099 169 2170 νὰ
188 2095 277 2192 φύγῃ
291 2103 347 2168 rofi
368 2097 529 2189 &andrum
557 2108 596 2170 de
623 2104 686 2170 hac
709 2107 947 2170 constructione
969 2109 1038 2172 dixi
1060 2098 1099 2174 ad
1121 2133 1150 2174 v.
1177 2109 1225 2176 14.

257 2229 301 2294 V.
326 2227 400 2296 147.
444 2222 648 2311 πωοραμμέυα
669 2249 768 2313 acque
791 2229 918 2293 delendi
940 2243 1046 2316 potest
1067 2245 1158 2314 atque
1179 2253 1226 2292 πι.

63 2391 67 2396 ·
123 2347 278 2436 κραμένα.
309 2351 358 2416 ct.
380 2352 504 2417 Buttm.
527 2354 607 2415 ausi.
631 2352 774 2415 Gramm.
796 2352 814 2414 I
835 2373 866 2439 p.
891 2349 955 2417 457
977 2366 1046 2420 not.
1073 2352 1122 2418 14.
1144 2356 1226 2420 Mat

124 2474 213 2540 thiae
236 2473 291 2539 Gr.
315 2472 371 2536 Gr.
395 2472 412 2536 Ι
432 2494 465 2560 p.
488 2470 565 2555 334,
585 2471 716 2543 Lobeck
730 2473 772 2539 ad
787 2471 911 2557 Phryn.
927 2496 1002 2564 pag·
1018 2473 1074 2542 34.
1098 2475 1221 2544 Schael.

124 2592 609 2685 auAp011.Rhou.seh01.p.
632 2594 707 2661 235.
730 2632 773 2648 -
858 2646 860 2651 .

253 2719 297 2785 V.
322 2716 396 2785 148.
440 2711 552 2792 τέτοιος
579 2740 599 2785 a
629 2720 724 2805 vulgo
751 2739 810 2807 pru
839 2721 971 2803 antiquo
992 2720 1132 2796 τοιοῦτος
1153 2726 1223 2791 diei.

122 2858 184 2909 tur.
224 2878 268 2892 -
302 2835 382 2923 λογή
409 2844 494 2930 apud
521 2853 653 2907 nostrae
680 2843 853 2907 memoriae
876 2844 1018 2909 Graecos
1040 2859 1092 2910 est
1110 2869 1221 2935 genus,

120 2963 247 3029 modus.
293 2964 458 3048 Imprimis
486 2962 549 3027 hoc
576 2964 764 3029 vocabulum
792 2967 1123 3054 respondet·gallicis
1147 2973 1221 3039 voci.

120 3090 179 3151 bus
200 3093 291 3150 eortc
312 3095 345 3149 et
366 3081 528 3149 muniere.

251 3207 296 3271 V.
320 3204 394 3273 149.
441 3198 528 3290 ε’γῖνη
557 3228 625 3278 aar.
652 3212 741 3277 verbi
761 3203 900 3294 γίνομαι.
950 3214 1017 3278 Pro
1045 3212 1109 3280 hoc
1140 3207 1219 3299 e’yivu

118 3350 205 3396 nunc
227 3323 360 3414 ε’γίνηκα
382 3332 466 3419 apud
487 3331 617 3416 vulgum
640 3345 682 3427 et·
695 3321 803 3417 lynce
823 3337 891 3401 sive
914 3324 1007 3419 ἕγινα
1029 3339 1066 3402 in
1089 3341 1220 3404 erudito

118 3476 191 3520 rum
212 3455 364 3538 loquendi
386 3474 504 3539 genere
527 3457 632 3539 magis
654 3452 695 3521 in'
712 3478 772 3521 usu
793 3471 879 3523 aunt.

249 3577 293 3641 V.
318 3576 392 3643 150.
437 3567 636 3660 ε’φορτῶβηκε
663 3581 737 3662 quid
758 3582 812 3662 sit,
837 3584 956 3666 conJici
972 3594 1086 3675 potest
1108 3607 1153 3649 ex
1173 3585 1216 3662 iu,

109 3720 200 3792 ⁴quae
226 3700 268 3763 ad
295 3721 393 3765 versa.
423 3700 465 3767 31
497 3712 530 3766 et
558 3700 601 3767 37
629 3705 846 3790 exposuimus.
895 3706 947 3770 De
970 3705 1095 3789 reliquo
1119 3727 1217 3795 praes·
1259 3782 1261 3787 ,

119 3823 190 3899 Ind.
213 3833 276 3887 act.
299 3835 349 3887 est
370 3813 520 3906 poprium,
541 3825 625 3908 quod
648 3826 771 3889 inserto
792 3847 812 3886 u
827 3830 863 3892 in
885 3830 1012 3912 antiqui
1034 3819 1159 3910 φορτὸω
1179 3829 1217 3893 lo

118 3965 191 4011 eum
212 3946 376 4010 successit.
397 3980 441 3995 -
462 3944 566 4028 νῶμος
587 3947 764 4032 vulgariter
782 3970 842 4036 pro
858 3935 950 4031 ὦμος.
993 3950 1124 4036 Vulgus
1138 3953 1219 4016 enim

119 4069 270 4155 deceptus
291 4068 388 4155 paulo
411 4069 565 4137 celeriore
586 4072 762 4135 accusativi
783 4073 959 4168 singularis
975 4066 1029 4133 roc
1044 4059 1135 4155 ὦμον
1152 4096 1219 4164 pro·

118 4191 333 4276 nuntiatione,
355 4211 419 4278 qua
439 4192 594 4260 articulus
616 4214 688 4260 cum
710 4195 841 4260 nomine
864 4196 1026 4279 coalescit,
1049 4197 1219 4264 nominati
