2684 4740
117 403 359 492 Lichopinaeis,
383 405 438 486 qui
459 404 571 468 statim
593 414 679 470 totus
700 414 751 468 cst
771 412 927 486 mortuus,

117 534 272 601 tenebrae
283 557 422 620 magnae
435 538 539 623 ipsum
552 536 735 618 obruerunt,
750 556 851 618 eaque
862 535 945 601 bora
962 548 1150 602 occaecatus
1166 550 1223 603 est

118 670 280 731 Prasaeus
303 666 385 733 baec
406 669 540 750 videbat,
564 669 665 732 currit
685 680 720 733 et
741 668 833 732 illum
855 667 1108 757 comprehendit,

118 801 200 886 pede
222 813 294 864 eum
317 797 428 881 trabit,
450 811 485 864 at
507 801 543 864 in
564 813 716 885 stagnum
737 800 860 884 aincit.

118 933 223 995 Tenet
246 953 318 995 eum
338 933 471 1012 cervice,
494 952 562 995 non
584 944 690 1019 potest
711 933 852 1016 effugere

117 1075 257 1126 mortem
280 1065 530 1144 acerbissimam,
551 1063 609 1127 sad
630 1063 700 1129 illic
721 1064 895 1127 suffocatus
916 1073 976 1124 est.

118 1193 326 1280 Psicbarpax
349 1196 500 1274 cucurrit,
523 1193 676 1256 velociter
697 1205 736 1257 ut
755 1192 948 1271 subveniret,

119 1326 193 1388 suis
216 1325 429 1388 familiaribus
451 1322 609 1386 auxilium
631 1335 666 1389 ut
686 1324 778 1388 daret
794 1322 927 1405 (serrat).

118 1454 191 1518 Vix
213 1456 249 1518 in
272 1467 394 1520 terram
415 1455 555 1518 redierat
576 1454 746 1537 Prasaeus,

119 1608 193 1651 cum
214 1607 287 1650 eum
310 1584 405 1650 basta
426 1587 586 1674 percussit
608 1585 810 1674 Psiobarpax
826 1587 966 1670 juvenis.

119 1719 240 1782 Coram
262 1719 332 1806 ipso
355 1730 508 1782 extensus
529 1728 590 1797 est,
614 1718 740 1797 cecidit,
763 1719 887 1782 occisus
908 1730 959 1782 ast

119 1863 153 1914 et
176 1851 286 1914 anima
308 1853 379 1933 ejus
401 1849 489 1912 brevi
511 1849 548 1912 iu
569 1848 690 1913 Orcum
712 1849 855 1935 proiecta
877 1860 937 1914 est.

120 1983 352 2046 Crambobatas
374 1982 564 2060 accucurrit,
586 1999 681 2045 nemo
703 2000 776 2043 eum
798 1981 944 2067 impedit,

118 2116 219 2177 sumit
240 2113 343 2183 lutum
365 2110 473 2193 humo,
495 2131 639 2198 pugnum
660 2129 755 2174 suum
777 2109 900 2196 implet,

119 2257 155 2310 et
172 2245 256 2328 jacit
278 2245 315 2306 in
337 2243 463 2322 faciem,
485 2241 648 2322 nimirum,
671 2251 707 2304 ut
728 2250 918 2306 excaecaret

120 2380 242 2439 bonum
263 2371 527 2460 Psicbarpagem,
550 2384 584 2436 et
606 2393 677 2437 eum
699 2385 837 2467 necaret

119 2506 183 2570 Ille
205 2526 337 2570 verosa
360 2505 539 2586 inclinavit,
553 2517 595 2569 -et
616 2526 688 2570 cum
712 2507 764 2571 ira
786 2525 917 2571 manum
939 2506 1094 2586 extendit,

120 2637 321 2723 lapidemque
344 2638 553 2700 fortissimum
575 2634 672 2698 humo
695 2635 792 2698 tollit.

122 2770 362 2832 Crambobaten
385 2788 423 2828 co
445 2766 605 2851 permissit
627 2766 663 2826 in
683 2765 827 2850 pedibus,

123 2919 200 2963 ossa
223 2901 291 2980 ejus
315 2897 475 2960 contrivit
521 2894 628 2975 (Tunc
649 2894 723 2977 ille)
745 2915 841 2982 super
863 2893 996 2961 herbam

120 3032 269 3096 cruribus
277 3048 403 3092 sursum
409 3027 565 3114 porrectis
572 3037 724 3091 extamus
724 3029 839 3111 Jacuit,
851 3029 895 3093 ibi
902 3039 937 3092 ut
944 3028 1087 3092 animam
1093 3026 1224 3093 efflaret.

121 3163 339 3246 Craugasidcs
361 3161 551 3240 accucurrit,
573 3170 610 3224 ut
631 3160 663 3223 ei
685 3159 907 3247 opitularetur,

121 3267 376 3381 Psicbarpagarn
398 3293 526 3374 invasit,
549 3293 619 3376 agit
638 3303 675 3354 ut
695 3291 759 3373 leo,

122 3429 160 3491 in
181 3445 254 3490 eum
277 3426 433 3489 contorsit
448 3427 600 3510 junceam
621 3421 758 3488 bostem,

122 3557 243 3622 Ventri
264 3555 418 3638 (milatus)
439 3557 538 3636 dedit,
560 3555 687 3637 (unda)
711 3575 805 3618 omne
827 3557 909 3620 exiit

116 3695 214 3774 Jecur
235 3690 315 3773 ejus,
338 3698 371 3750 et
392 3687 547 3750 intestina
569 3699 644 3751 ante
666 3689 772 3774 ipsum
794 3688 894 3752 effusa
916 3699 1001 3752 sunt.

121 3819 338 3903 Troglodytas
360 3819 488 3883 videbat
509 3816 600 3898 haec,
623 3839 661 3883 ac
685 3821 809 3900 metuit,
888 3863 890 3868 ,

121 3964 158 4018 et
179 3953 264 4036 fugit
287 3973 306 4016 e
326 3950 462 4038 proelio,
484 3951 521 4013 in
543 3950 722 4031 lassamque
745 3973 780 4015 se
803 3951 980 4015 abscondit
1029 3925 1032 3929 Δ

120 4083 275 4149 Periculo
297 4083 402 4147 noluit
424 4074 624 4146 committere
645 4103 760 4168 corpus
782 4100 886 4159 suum,

119 4216 181 4283 sed
203 4214 339 4281 dedecus
360 4213 461 4279 voluit
482 4212 602 4278 babere
624 4233 682 4300 per
704 4213 804 4276 vitam
825 4229 925 4275 suam
