2684 4740
114 401 355 490 Lichopirmcis,
379 403 434 484 qui
455 402 567 466 stetim
589 412 676 468 totus
696 412 747 466 oet
768 411 923 484 mortuus,

114 532 268 598 tenebrae
279 555 418 618 maguae
431 536 535 621 ipsum
548 534 731 615 obruerunt,
746 554 847 617 ecque
859 533 941 599 hore
959 546 1146 601 moecatus
1163 549 1219 601 cst

115 668 277 729 Prosoeus
300 664 381 731 heco
402 667 536 748 videbat,
560 667 661 730 currit
682 679 716 731 et
737 666 830 730 illum
851 665 1104 755 comprehendit,

114 799 196 883 pede
217 811 291 862 eum
313 796 425 878 trehit,
447 768 481 862 et
503 799 539 862 iu
560 811 712 883 stagnum
734 799 856 882 objicit.

115 931 220 993 Tenet
242 951 315 993 eum
335 931 467 1010 cervice,
490 950 558 993 uon
580 942 686 1017 potest
708 931 849 1014 effugere

114 1073 254 1153 mortem
276 1063 526 1142 acerbissimam,
547 1063 605 1125 sed
626 1061 696 1126 illic
717 1062 892 1125 suffocetur
912 1071 972 1122 ert.

114 1191 322 1278 Psiclmrpax
346 1194 496 1272 cucurrit,
519 1191 672 1254 velociter
693 1203 732 1255 ut
751 1190 944 1269 subveniret,

116 1323 189 1385 suis
212 1323 425 1386 familiaribus
447 1320 604 1384 auxilium
627 1333 662 1387 ut
682 1322 774 1386 deret
790 1320 923 1403 (ferret).

114 1453 187 1516 Vix
209 1453 245 1516 iu
268 1465 390 1517 terrem
411 1453 551 1516 redieret
572 1452 742 1535 Prosoeue,

115 1606 190 1649 cum
210 1605 283 1648 eum
307 1582 402 1648 hoste
422 1585 583 1672 percussit
604 1584 806 1672 Psiehorpex
822 1585 962 1668 juvenis.

116 1717 236 1780 Coram
258 1718 328 1804 ipso
351 1728 504 1780 extensus
525 1726 586 1795 est,
610 1717 736 1795 cecidit,
759 1717 883 1780 occiruc
904 1728 955 1780 eet

115 1860 150 1912 et
172 1849 283 1912 anima
305 1852 375 1930 ejus
397 1847 485 1910 brevi
507 1847 544 1910 iu
565 1846 686 1911 Orcum
708 1847 851 1933 proiecte
873 1858 932 1912 est.

117 1981 349 2044 Crombohetes
370 1980 560 2058 accucurrit,
582 1997 677 2042 nemo
698 1998 772 2042 eum
794 1979 940 2065 impedit,

114 2114 215 2175 sumit
236 2111 339 2181 lutum
361 2108 469 2191 humo,
491 2129 635 2196 pugnum
656 2127 751 2172 suum
773 2107 896 2194 implet,

116 2255 151 2307 et
168 2243 252 2326 jacit
274 2243 311 2303 in
333 2241 458 2319 faciem,
481 2240 644 2320 nimirum,
667 2249 703 2302 ut
724 2248 914 2304 excaecaret

116 2378 238 2437 bonum
259 2369 523 2458 Psicharpegem‚
547 2381 580 2433 et
602 2391 673 2435 eum
695 2383 833 2464 necaret

115 2504 179 2568 Ille
201 2524 276 2567 vero
297 2525 333 2568 se
356 2503 535 2584 inclinavit,
549 2515 591 2566 -et
613 2525 684 2567 cum
708 2505 759 2568 irc
781 2523 913 2569 menum
935 2504 1091 2584 extendit,

116 2635 317 2721 lapidemque
340 2636 549 2698 fortissimum
572 2631 668 2696 humo
691 2632 788 2696 tollit.

118 2768 358 2830 Crambobaten
381 2786 419 2826 co
441 2746 601 2849 percussit
623 2763 658 2823 iu
679 2762 823 2847 pedibus,

119 2917 196 2961 osso
219 2899 287 2978 ejus
311 2895 471 2959 contrivit.
517 2891 624 2972 (Tunc
645 2891 719 2974 ille)
741 2912 837 2979 super
859 2890 992 2958 herbam

117 3024 835 3112 eruribussursumporrectioextemusjacuit,
847 3022 1220 3089 ibiuteuimamellloret.

118 3160 336 3244 Craugasides
357 3158 548 3237 accucurrit,
570 3168 607 3221 ut
627 3158 659 3220 ei
681 3156 903 3244 opitularetur,

117 3264 373 3378 Psiehcrpegcm
395 3290 523 3371 invasit,
545 3290 615 3372 egit
635 3300 671 3352 ut
692 3288 755 3370 leo,

118 3427 156 3490 in
178 3443 250 3487 eum
263 3423 430 3496 >contorsit
445 3423 597 3507 junceam
618 3418 754 3486 lmstum.

118 3555 239 3620 Ventri
261 3553 414 3636 (vuluus)
435 3554 535 3633 (ledit,
557 3552 684 3635 (unde)
708 3573 801 3616 omne
823 3554 905 3618 exiit
1012 3540 1014 3542 ’

113 3693 210 3772 Jecur
231 3689 312 3770 ojus,
334 3696 367 3749 et
387 3685 544 3749 intestino
565 3697 641 3749 onte
662 3687 768 3772 ipsum
791 3686 891 3750 effuse
912 3696 997 3750 suut.

118 3817 335 3901 Troglodytes'
356 3818 484 3882 videbat
505 3814 596 3897 haec,
619 3838 658 3881 cc
681 3819 805 3898 metuit,
884 3861 886 3868 ι

118 3961 154 4016 et
176 3950 260 4034 fugit
284 3971 302 4013 e
323 3948 459 4035 proelio,
480 3949 517 4011 iu
539 3947 718 4029 fossamque
741 3970 776 4013 oe
799 3948 976 4047 abscondit.
1025 3923 1028 3926 ⁴

117 4080 272 4146 Periculo
293 4080 398 4144 uoluit
421 4071 619 4144 committere
641 4101 756 4166 corpus
778 4098 883 4157 ouum,

117 4213 185 4313 secl
200 4211 336 4278 dedoom
357 4211 458 4276 voluit
480 4208 598 4274 labere
620 4210 799 4298 pervitam
821 4227 921 4272 suem.
