2684 4740
414 1098 926 1242 Paraphrasis

306 1317 1057 1449 Batrachomyomaohiaa

598 1537 722 1551 —

120 1661 315 1792 Antequam
336 1714 500 1798 incipiam,
523 1735 637 1800 precor
658 1736 818 1782 summum
840 1719 959 1798 Iovem,

116 1856 152 1907 ut
164 1839 256 1905 mihi
277 1840 393 1906 mittat
408 1845 582 1928 adjutrices
605 1835 754 1913 ad'hano
776 1847 946 1912 historiam

117 1976 341 2055 iiiusaS‚'quae
364 1972 513 2039 habitant
536 1978 571 2039 in
594 1972 711 2040 monte
724 1978 894 2058 Helieone,

116 2117 285 2192 propterea
307 2104 563 2187 quodsegonon
580 2098 716 2190 'possum
737 2126 905 2170 recensere
925 2097 1014 2168 'solus

116 2254 260 2322 pugnam
281 2230 498 2296 turbulentam
520 2225 612 2298 sortis
634 2236 763 2317 Martis,

118 2367 172 2447 qui
196 2365 271 2427 deus
294 2370 440 2427 censetur
462 2375 494 2427 et
517 2352 642 2429 diuinus
657 2356 797 2450 juvenis.

117 2499 239 2560 Omnes
261 2496 395 2582 proinde
418 2516 497 2580 rogo
521 2498 588 2576 (ita
610 2497 756 2562 habeatis
778 2498 951 2562 sanitatem
973 2493 1128 2575 vestram)

118 2629 239 2713 Animo
262 2630 360 2711 probe
381 2638 417 2690 ut
439 2629 611 2706 mandetis,
632 2640 667 2690 ut
689 2629 844 2712 aperiatis
866 2645 960 2688 aures
981 2633 1115 2701 vestras,

119 2771 155 2820 ut
177 2756 328 2832 audiatis,
351 2758 391 2815 ob
413 2774 508 2834 quom
530 2774 659 2817 ramam
682 2773 789 2816 mures
811 2752 945 2814 iecerint

119 2887 212 2950 ranis
232 2903 372 2969 pugnam
394 2877 558 2967 magnam,
582 2895 614 2947 et
635 2886 671 2950 in
693 2883 811 2948 bellum
833 2882 972 2966 ingressi
994 2881 1076 2959 sint3

120 3030 155 3081 et
177 3015 325 3079 homines
347 3016 466 3078 imitati
488 3008 564 3095 sint,
580 3012 711 3100 ¹priseos
733 3013 808 3079 illos
830 3014 929 3093 viros,

121 3149 225 3227 (sieut
246 3147 280 3208 id
302 3145 413 3209 dieunt
434 3142 466 3209 et
489 3148 635 3226 canitur)
657 3147 873 3210 formidabiles
896 3144 971 3206 illos
992 3144 1150 3225 gigantes.

116 3280 272 3356 Quodam
294 3289 434 3363 tempore
457 3299 527 3341 mus
550 3280 699 3341 inventus
718 3268 770 3340 'est
791 3278 906 3340 sudore
928 3273 1041 3350 fluens,

122 3435 161 3476 eo
185 3410 267 3491 quod
289 3409 383 3474 selem
405 3412 546 3492 fugeram
570 3419 603 3470 et
625 3419 695 3470 erat
716 3408 921 3492 sitibundus⁸7

123 3543 232 3621 Atque
255 3541 296 3602 ad
318 3519 465 3624 paludem
487 3540 663 3618 desoendiu
684 3538 773 3602 sitim
795 3556 886 3603 suam
907 3543 944 3600 ut
966 3525 1153 3617 depelleret,

124 3686 158 3735 et
181 3683 322 3734 mentum
344 3665 464 3752 rigavit
486 3670 658 3754 eupiditate
680 3689 807 3752 magna.

124 3803 227 3866 Rana
248 3821 320 3862 eum
342 3800 536 3882 interrogat:
563 3797 678 3882 hospes
700 3800 756 3875 mi,
780 3798 854 3877 quis
872 3796 926 3858 esi
982 3789 1013 3839 ,⁸

126 3933 224 3996 Unde
245 3931 363 3994 venisti
384 3898 466 3992 lnioi
510 3929 639 3991 Mecum
661 3928 836 3992 amicitiam
858 3927 917 3988 iae.
973 3920 976 3927 ’

128 4065 196 4128 Die
218 4059 300 4123 mihi
321 4062 502 4123 veritatem:
525 4061 579 4139 qui
600 4068 676 4123 sunt
697 4065 848 4144 parentes
871 4055 940 4116 nia

130 4193 222 4257 Nova
245 4210 296 4255 mo
319 4189 388 4254 oela
410 4190 576 4271 quiequam
598 4208 708 4253 eorum
731 4207 811 4268 qnae
833 4187 977 4249 iecerunt
998 4179 1054 4244 tui.
