2684 4740
119 212 190 290 ma
282 265 295 330 3

117 408 186 492 rio,
218 409 275 472 scd
308 409 418 472 statim
446 428 487 472 ex
514 428 552 469 eo
580 404 809 469 deminutivum
836 395 1028 485 σνοωάριον
1062 406 1223 472 formasse.

119 530 295 597 Scholiast.
319 532 464 617 Oppiani
484 527 572 593 lint
595 526 736 591 Halieut.
759 549 787 590 v.
805 525 870 591 735
892 515 1004 604 σάκος,
1027 517 1221 609 ονωννᾶριον.

118 637 322 734 Justinianus
351 655 386 739 in
414 653 496 715 Nor.
524 650 583 731 85,
612 673 680 737 cap.
710 645 740 713 4.
770 640 910 719 ἀσπίδας
940 635 1006 725 ἤτοι
1039 642 1217 732 οκουτάρια.

118 779 196 844 Vid.
218 778 365 860 Ducang.
390 775 434 856 11,
460 771 554 838 1398.
578 807 622 821 -
646 773 837 854 Caeteroqui
859 769 921 843 τῶν
939 766 1072 846 λύχνων
1094 763 1137 834 roi
1156 794 1215 833 raa

42 918 45 924 ·
119 891 273 982 odonam
295 898 570 985 interpretandum
593 907 656 959 est:
680 892 893 960 lucernarum
916 903 1133 982 tegumento,
1159 916 1212 960 non

120 1021 286 1102 umbones,
309 1033 345 1086 nt
369 1020 502 1085 Crusius
525 1020 607 1082 salso
631 1020 762 1082 addidit.

250 1143 293 1206 V.
317 1141 390 1207 924.
434 1133 475 1202 roi
503 1133 653 1222 xovroiptot
680 1137 813 1205 hastae.
864 1138 992 1204 Nomen
1019 1127 1148 1222 κοντᾶρι
1169 1140 1207 1204 vel

120 1257 284 1346 κοννάρων
312 1288 353 1330 ex
380 1269 450 1352 ipso
479 1277 619 1329 veterum
646 1265 800 1329 vocabulo
835 1251 999 1343 κοννάρων
1030 1264 1201 1328 deminution

120 1391 207 1454 vocis
234 1379 342 1458 κοντός
370 1385 502 1450 fluxisse
531 1389 696 1467 existimo,
727 1387 803 1449 licet
831 1386 1030 1469 significatio
1060 1386 1201 1472 paululum

121 1522 243 1574 mutata
266 1513 318 1573 sit.
371 1507 431 1571 Sic
453 1514 524 1591 jam
552 1507 662 1571 Schol.
693 1509 837 1595 Oppiani
864 1506 963 1570 lina
991 1526 1021 1571 v.
1047 1507 1090 1572 95
1116 1506 1200 1587 δοῦρα,

120 1620 271 1710 acaccipiet
291 1642 323 1694 et
344 1651 374 1693 v.
398 1628 462 1695 329
486 1617 597 1711 ἔγχεα,
619 1620 778 1710 secondom.
825 1629 964 1716 Saepius
986 1633 1075 1717 apud
1093 1633 1197 1715 scripto

122 1775 174 1819 scs
198 1756 295 1818 medii
318 1754 389 1817 aevi
411 1755 579 1840 reperitur.
627 1749 675 1814 Cf.
698 1753 846 1838 Ducang.
871 1753 922 1815 Gl.
947 1754 984 1815 Τ.
1009 1753 1028 1817 1
1049 1776 1082 1840 p.
1105 1751 1162 1818 707.

253 1877 295 1939 V.
321 1875 395 1940 225.
443 1877 536 1953 Quod
559 1877 644 1961 apud
667 1869 814 1956 an'tiquos
837 1869 998 1955 ἐρέβινθος
1020 1889 1085 1957 est,
1107 1876 1137 1938 id
1153 1873 1198 1937 hcc

121 2001 192 2064 loco
220 2021 240 2063 a
262 2001 354 2063 Zeno
381 1993 523 2079 ρέβιβος,
550 1998 646 2080 vulgo
674 2019 761 2061 nunc
783 2020 803 2060 a
827 1998 959 2068 Graecis
980 1990 1084 2077 ρεβίξνι
1104 1989 1198 2074 relio-

122 2115 192 2202 βίζνι
213 2125 407 2188 nominatur.
451 2123 640 2204 Ducangius
663 2122 752 2185 Tom.
769 2120 803 2183 ΙΙ
825 2142 856 2206 p.
876 2118 960 2184 1286
984 2121 1094 2184 laudat
1112 2121 1198 2187 stior-

122 2267 192 2309 mas
213 2239 369 2324 ρἔυνὲος
390 2235 625 2322 otiosius-av,
680 2241 729 2306 Cf.
759 2242 867 2306 Crusii
896 2245 1154 2328 Turcograeciam
1174 2260 1197 2326 p·

122 2366 186 2431 217
216 2378 250 2429 et
276 2367 441 2450 Agapinm
471 2365 660 2428 Cretensem
687 2366 723 2427 in
753 2365 894 2450 Geopon.
920 2387 944 2430 c.
970 2365 1024 2429 52.
1049 2365 1097 2432 86.
1138 2363 1200 2426 Cru-

123 2491 191 2551 sius
223 2490 319 2549 verba
336 2475 481 2564 ’χλωρῶν
502 2477 639 2564 §stilpon
666 2497 752 2548 recte
783 2489 909 2568 quidem
937 2490 1044 2553 reddit
1067 2481 1196 2554 viridium

121 2608 277 2685 cicerum,
298 2608 355 2671 sed
378 2609 459 2690 quod
481 2610 594 2693 adJicit
616 2628 674 2672 seo
695 2630 813 2672 nactum
841 2632 1074 2697 supervacuum
1100 2589 1150 2675 est.
1166 2640 1201 2653 ·-

122 2728 287 2812 ἡφλοῧὸα
309 2732 359 2796 vel
381 2720 412 2790 ai
438 2702 555 2809 oioddc‘
578 2732 662 2797 valet
689 2727 847 2810 corticem
876 2746 908 2796 et
931 2743 1097 2818 putamen
1117 2735 1147 2797 in
1162 2750 1200 2792 re·

122 2859 265 2920 centiore
293 2855 416 2937 lingua.
468 2856 557 2918 Nata
585 2869 634 2919 est
662 2855 743 2919 haec
771 2858 869 2921 dictio
899 2878 939 2919 ex
967 2870 1111 2922 veterum
1129 2842 1202 2936 odim

122 2977 173 3039 vel
195 2975 300 3070 φλοῦνι

253 3094 296 3156 V.
320 3091 395 3170 2⁶26.
440 3095 491 3159 De
519 3097 671 3161 vocabulo
699 3091 795 3179 κορμί
822 3102 891 3164 dixi
918 3104 959 3165 ad
987 3125 1070 3168 vers.
1100 3100 1150 3170 94.
1173 3132 1205 3146 -·

123 3207 317 3300 ἁρμάνωοαν
338 3239 405 3281 aor.
429 3218 498 3281 Ind.
522 3232 582 3284 act.
606 3224 695 3286 verbi
718 3214 883 3303 ἁρμανόνω
906 3245 1020 3308 annm,
1048 3222 1155 3291 armis
1171 3221 1207 3286 in·

122 3351 226 3406 struo.
249 3340 391 3405 Verbum
407 3342 529 3405 latinae
544 3345 682 3426 originis
695 3358 751 3410 est.
774 3346 851 3409 Vid.
869 3350 976 3411 adnot.
991 3352 1033 3413 ad
1050 3373 1132 3415 vem.
1147 3345 1210 3411 itt.

4 3455 10 3482 “
122 3466 264 3531 Utuntur
288 3465 348 3528 hoc
370 3467 465 3530 verbo
487 3468 609 3551 passim
631 3470 803 3554 scriptores
826 3471 1010 3552 Byzantini.
1058 3473 1136 3537 Vid.
1157 3470 1211 3549 m

11 3660 16 3671 ,
124 3608 215 3670 cang.
239 3610 263 3650 s.
279 3610 308 3651 v.
327 3582 497 3669 ἁρματοῦν.
520 3625 562 3635 -
585 3581 647 3649 ἀπὸ
671 3595 905 3677 comparationi
927 3593 982 3657 hic
1003 3599 1117 3679 servit,
1136 3598 1234 3681 ni!

123 3709 195 3773 loco
218 3720 250 3771 et
272 3701 359 3789 παρὰ
381 3734 408 3774 c.
431 3732 534 3775 accus.
559 3715 712 3776 tanatum
734 3728 793 3776 est.
839 3714 1000 3805 Similiter
1009 3723 1085 3802 jam
1102 3718 1216 3801 Thuty·

124 3832 208 3893 didis
236 3828 412 3897 scholiasta
442 3836 483 3897 ad
511 3834 565 3900 lib.
595 3836 613 3898 I
645 3855 714 3922 cap·
744 3835 787 3900 98
819 3820 926 3922 posuit
954 3846 1217 3928 praepositionem

124 3941 196 4012 ἀπό.
241 3951 439 4034 Thucydidis
461 3960 559 4021 verba
579 3948 656 4023 sunt
677 3993 721 4006 -
743 3956 771 4019 εἰ
791 3952 827 4020 δὲ
848 3953 908 4042 μὴ,
930 3952 986 4020 παὶ
1010 3957 1105 4027 αὐτοὶ
1130 3960 1219 4046 ἄνοον

123 4065 354 4152 κασῖνήσεσβαι
366 4063 501 4158 ἔφασαν,
516 4072 643 4141 ἐκείνων
654 4077 858 4163 βιαζομένων,
872 4075 980 4162 φίλους
1000 4090 1166 4162 ποιεῖσθαι
1176 4070 1221 4156 οὓς

126 4193 166 4265 οὐ
179 4190 354 4281 βούλονται,
371 4192 499 4281 ,ἑτέρους
519 4202 581 4264 τῶν
601 4203 661 4265 νῦν
683 4190 780 4266 ’ὄντων
800 4204 934 4286 μᾶλλον,
956 4204 1112 4286 ὠφελείας
1129 4202 1223 4290 ἕνεκα,
