2684 4740
1184 252 1230 325 te

127 442 177 506 fit.
223 441 412 506 Falsissime
435 449 542 508 autern
565 439 722 525 scriptura
746 450 796 503 est
818 431 904 521 τὸρα,
928 461 1021 522 quam
1044 442 1231 529 Ducangius

128 567 165 627 in
190 564 357 628 Glossario
380 584 419 627 rn.
444 576 476 626 et
497 564 553 625 inl.
577 583 625 646 gr·
650 563 688 625 T.
712 563 754 626 ll.
781 562 875 630 1586.
900 562 1012 644 hebet,
1041 568 1097 630 ubi
1118 588 1159 630 ex
1181 590 1231 633 ve-

126 689 300 752 tustiorum
313 690 504 771 scriptorum
514 686 606 749 libris
615 685 710 770 hujus
720 686 971 770 significationis
984 688 1130 775 exempla
1143 691 1229 756 citat.

261 801 316 868 ὁὲν
337 822 373 873 nt
395 810 479 872 Zeni
501 820 642 895 tempore
666 820 698 905 et
716 813 783 892 jam
800 811 899 894 prius,
922 810 971 872 ita
987 807 1141 892 hodieque
1158 834 1229 900 par.

125 932 228 994 rieule
251 934 400 1016 negativo
422 944 481 1010 est,
505 937 594 1015 cujus
619 933 793 1014 originatio
817 930 921 997 facilis
943 933 1075 996 inventu
1097 935 1230 999 videtur.

125 1054 215 1117 Nam
244 1074 337 1135 quum
368 1056 494 1135 antiqui
523 1053 609 1117 haud
637 1074 713 1116 raro
743 1046 837 1112 οὐδὲν
862 1055 911 1115 sic
939 1052 1174 1138 adhibuissent,
1195 1072 1233 1123 ut

118 1174 197 1238 ‘non
219 1177 355 1239 multum
376 1177 521 1261 differret
543 1178 583 1238 ab
610 1169 664 1247 σύ,
693 1192 882 1254 quamquam
909 1174 1006 1258 paulo
1034 1177 1148 1239 lortius
1175 1191 1232 1255 cst,

126 1297 219 1359 velut
241 1295 408 1382 Aristoph.
432 1295 554 1359 Eccles.
578 1315 657 1358 vers.
675 1291 749 1358 644.
772 1288 812 1353 rol
832 1286 892 1373 μὲν
912 1281 996 1354 ἄλλα
1017 1290 1118 1379 λέγεις
1140 1292 1233 1361 οὐδὲν

125 1416 250 1487 σκαιῶς
279 1420 329 1482 vel
355 1415 509 1504 Sophocl.
538 1416 617 1480 Oed·
647 1416 716 1480 Col.
745 1437 824 1480 vers.
854 1417 927 1483 779.
958 1452 999 1465 -
1027 1407 1069 1478 ὅτ’
1097 1412 1232 1500 odelini]

123 1529 221 1620 χάρις
242 1531 340 1621 xdov
360 1509 529 1620 pastea
550 1537 683 1602 Lucan.
707 1539 801 1604 non.
822 1539 871 1605 m.
895 1536 933 1600 ot
947 1532 983 1600 at
997 1533 1037 1601 re
1051 1534 1112 1624 pn
1127 1544 1233 1626 epea

124 1652 210 1741 ξύλῳ
231 1656 371 1733 παίοντες
393 1652 448 1722 rdv
467 1648 542 1722 ὄνον
558 1655 733 1734 ἀναστῆναι
750 1652 803 1721 cdv
825 1650 941 1733 ἅβλιον
963 1659 1117 1742 ἐκέλευον,
1139 1661 1180 1739 ὣς
1193 1661 1231 1729 cl

125 1776 221 1848 οὐδὲν
243 1779 380 1861 ὑπήκουε
402 1784 469 1853 ταῖς
491 1785 622 1864 πληγαῖς
644 1792 703 1846 etc.
726 1787 920 1870 posteriores
937 1785 1231 1854 huncatticismum

126 1911 237 1994 inepto
261 1909 396 1991 quodam
420 1906 600 1990 elegantiae
623 1908 730 1970 studio
753 1909 926 1972 identidem
949 1922 1130 1995 repetentes
1157 1934 1230 1999 pro-

126 2033 259 2095 cedente
282 2022 487 2117 temporeod
507 2029 698 2115 particulam
710 2008 853 2112 'prorsus
877 2035 1071 2112 objecerunt,
1094 2034 1230 2116 denique

124 2153 241 2236 vulgus
275 2154 473 2231 detruncato,
507 2163 544 2214 ut
578 2153 624 2213 ita
652 2152 775 2231 dicam,
804 2154 890 2215 vocis
920 2154 1024 2236 capite
1052 2175 1110 2238 pro
1137 2148 1231 2216 οὐδὲν

124 2274 319 2359 simpliciter
347 2266 402 2332 ὁὲν
425 2273 529 2334 dicere
557 2291 623 2335 non
653 2273 815 2338 dubitavit
867 2274 962 2337 Hanc
991 2276 1229 2361 etymologiam,

125 2415 223 2478 qnam
237 2408 279 2458 ¹et
302 2395 421 2460 Coraes
444 2416 509 2470 non
532 2396 728 2482 improbasse
750 2398 910 2484 putandus
933 2411 991 2477 est,
1016 2399 1072 2480 (el.
1089 2385 1228 2462 ’Ἄτακτα

125 2520 152 2584 Ι.
169 2539 242 2604 peg.
260 2517 331 2597 to.)
358 2531 394 2581 ut
416 2520 559 2603 deseram
582 2519 671 2582 nullo
694 2521 787 2583 modo
811 2522 919 2584 induci
941 2543 1069 2606 possum
1092 2525 1229 2606 quodam

124 2641 244 2708 Alcaei
270 2642 340 2704 loco
370 2642 453 2724 apud
478 2640 618 2719 Etymol.
647 2660 719 2722 pag.
744 2637 825 2716 639,
859 2640 916 2712 17,
945 2661 1067 2720 exque
1092 2644 1228 2708 Zenobii

124 2763 441 2833 auctoritateiretus
463 2760 548 2821 idem
570 2760 626 2821 ille
650 2758 692 2836 (l.
715 2760 737 2821 1.
761 2778 833 2843 pag.
861 2756 956 2837 180.)
986 2760 1127 2842 collegit,
1155 2783 1228 2847 pro.

123 2903 247 2948 nomen
268 2873 330 2949 δεὶς
352 2881 435 2966 apud
459 2892 580 2943 veteres
603 2880 702 2943 simili
724 2879 909 2963 significatu
925 2903 986 2964 quo
1002 2873 1103 2952 οὐδεὶς
1120 2885 1228 2948 inisse.

123 3006 267 3070 Videtur
285 3006 371 3067 enim
382 2994 443 3073 dele
455 3004 537 3067 idem
554 3003 739 3087 designasse
755 3003 837 3085 quod
853 2993 906 3083 rie,
916 3006 998 3087 quod
1015 3005 1136 3070 Corees
1151 3028 1226 3089 quo-

123 3151 186 3212 que
215 3148 281 3191 non
309 3148 440 3213 prorsus
458 3139 573 3210 neget.
620 3126 668 3189 Cf.
691 3139 858 3212 praetereo
877 3128 1069 3192 Buttmanni
1092 3151 1224 3213 gramm.

122 3252 222 3337 ampl.
247 3264 321 3314 tom.
343 3251 368 3313 Ι.
392 3272 423 3336 p.
447 3246 522 3313 ⁴282.
547 3261 578 3312 et
601 3249 752 3313 Passerii
775 3251 836 3313 lex.
861 3271 886 3313 s.
910 3271 939 3312 v.
963 3243 1070 3321 eddela

257 3364 391 3445 ἀδειάζω
426 3373 509 3457 apud
543 3370 739 3435 recentiores
767 3385 832 3451 est,
862 3369 968 3447 otior,
990 3390 1094 3447 vace,
1107 3371 1229 3458 serio«

119 3509 177 3563 tus
199 3517 278 3561 eum.

143 3656 148 3667 ·
256 3619 298 3680 V.
324 3616 352 3683 4,
398 3608 524 3733 doederlein
551 3613 763 3692 σπουδακπκὴ
794 3617 900 3681 ablato
937 3639 956 3674 v
989 3636 1047 3703 pro
1079 3613 1226 3680 δουλειᾶν

1160 3709 1205 3735 υ

118 3732 363 3816 σπουδακτικήυ.
411 3740 580 3804 Caeterum
603 3731 730 3800 merod
753 3761 801 3816 en,
826 3760 887 3820 qua
910 3736 965 3800 hic
993 3743 1140 3825 ponitur,
1170 3764 1223 3827 po-

119 3877 240 3931 testate
257 3870 328 3948 jam
350 3865 404 3928 hic
426 3864 494 3926 illic
517 3862 600 3947 apud
623 3863 820 3943 Byzantinos
842 3862 1015 3945 scriptores
1038 3864 1166 3946 legitur.

255 3981 355 4046 στέκω
383 3988 433 4050 rel
460 3979 612 4063 στέκομαι
634 3985 793 4048 citerioris
817 3984 1001 4066 graecitatis
1027 3988 1222 4065 vocabulum,

116 4121 229 4184 stare,
263 4108 406 4182 versari,
440 4105 653 4186 commorari,
676 4126 748 4170 esse
780 4104 972 4188 significans
1004 4129 1045 4170 ex
1081 4120 1223 4171 veterum

115 4234 202 4324 peri.
228 4243 288 4295 aot.
313 4234 399 4297 verbi
421 4222 527 4310 ἵστημι
549 4231 716 4294 formatum
740 4240 796 4291 est.
825 4228 994 4292 Acristum
1016 4228 1112 4299 habet
1134 4217 1222 4317 depol.
