2684 4740
1164 205 1233 276 117

126 407 200 452 rum
223 388 409 452 discrimine
430 398 556 452 servato
579 389 608 452 is
631 389 725 469 dicit,
748 390 799 454 cui
821 391 928 455 varias
955 395 994 456 ob
1017 414 1130 460 causas
1156 419 1226 484 pro·

126 512 231 576 babile
253 513 387 592 videtur,
411 511 547 574 alterum
569 514 761 598 scriptumm
787 535 873 592 esse,
904 515 1020 579 mirum
1048 528 1227 604 putaturus,

124 633 155 698 si
178 655 246 698 non
268 636 430 697 scriberet
482 633 613 698 Diutius
635 633 711 698 huic
733 647 921 720 argumento
949 640 1139 724 exponendo
1167 643 1226 706 im-

123 768 269 820 moratus
291 778 378 838 sum,
401 758 484 839 quod
505 759 567 821 etsi
588 756 747 844 philologi
767 759 889 845 passim
916 761 1094 844 attigerunt
1122 763 1171 844 (v.
1195 786 1222 829 c.

123 880 163 942 G.
185 880 389 944 Hermannus
412 881 453 943 ad
477 876 578 966 Soph.
601 868 707 963 Aj.¹v.
722 877 818 960 1061,
840 881 989 944 Bromius
1004 884 1046 946 ad
1054 884 1222 949 Demosth.

122 1001 258 1084 Olynth.
283 992 312 1060 α’
336 992 409 1085 (γ’)
432 1000 450 1087 ψ
472 993 517 1079 ς’,
539 1001 746 1064 Heindorfius
768 1003 809 1065 ad
833 1001 918 1065 Plau
942 1002 1108 1068 Phaedon.
1141 1005 1223 1086 §32

120 1134 156 1186 et
178 1125 308 1208 Protag.
332 1126 350 1205 ψ
375 1125 439 1222 ίθρ
462 1146 482 1190 a
505 1125 617 1205 quibus
639 1122 788 1208 exempla
809 1125 876 1208 peti
897 1127 1054 1210 possunt)
1080 1147 1148 1194 uon
1175 1140 1222 1194 ta·

118 1250 268 1310 mensio
290 1249 331 1310 ab
354 1247 430 1311 eliis
451 1246 646 1333 explicatum
668 1245 814 1321 invenio,
845 1256 882 1308 ut
903 1245 986 1310 milri
1017 1250 1116 1311 otium
1142 1252 1221 1314 lece·

117 1369 200 1430 rint.
246 1367 298 1431 Ex
319 1370 457 1451 quinque
480 1366 548 1431 illis
569 1367 719 1448 loquendi
742 1367 842 1430 modis
864 1368 943 1431 duos
960 1371 1096 1434 retinuit
1112 1392 1221 1436 recen·

116 1490 183 1551 tior
206 1489 383 1553 Graecitas.
432 1490 549 1571 Liquet
582 1501 705 1568 autem,
738 1509 834 1570 quum
865 1475 909 1548 άν
939 1491 1020 1554 illud
1055 1484 1220 1570 δυνηπικὸν

116 1613 292 1692 evanuerit,
316 1632 411 1693 quum
433 1630 531 1698 porro
553 1613 703 1693 antiquae
725 1612 824 1674 futuri
846 1615 1000 1699 temporis
1021 1616 1144 1681 lormae
1164 1619 1218 1682 oi-

116 1733 278 1798 litteratae
301 1735 385 1813 sint‚
409 1753 505 1814 quum
531 1734 670 1814 denique
699 1723 879 1796 infinitivus
907 1747 1048 1799 veterum
1075 1739 1111 1800 in
1139 1739 1218 1804 obli·

116 1857 242 1921 vioncm
270 1857 404 1936 abierit,
440 1874 501 1918 nco
527 1854 594 1918 nisi
623 1842 907 1917 circumlocutione
939 1875 960 1917 a
987 1861 1218 1923 recentioribus

116 1983 183 2063 ejus
205 1999 319 2043 sensus
340 1978 534 2065 proferatur,
557 1974 618 2038 hoc
640 1974 744 2038 solum
765 1996 807 2039 ex
824 1976 963 2061 pristino
980 1979 1074 2063 copia
1088 1980 1218 2065 inopiae

114 2101 265 2166 solatium
288 2120 467 2186 superesse,
490 2098 573 2181 quod
595 2096 751 2160 infinitivi
776 2096 1074 2162 circumlocutiones
1091 2099 1146 2164 hic
1163 2104 1217 2166 ad-

111 2221 225 2288 hibere
246 2224 352 2336 licet·
383 2224 597 2299 Quamobrem
619 2227 751 2284 nostrae
774 2220 947 2283 memoriae
966 2218 1081 2285 Graeci
1098 2222 1218 2310 duplici

109 2345 208 2409 modo
236 2346 273 2408 in
302 2345 363 2409 tali
393 2364 490 2408 causa
516 2343 704 2425 loquuntur,
733 2354 788 2406 aut
816 2334 926 2414 ἐλπίζω
948 2332 991 2402 νά
1011 2332 1139 2426 γράψῃ,
1161 2360 1218 2409 aut

109 2458 225 2542 ἐλπίζω
246 2459 290 2528 νά
310 2460 418 2551 γράφῃ
441 2467 592 2530 dicentes.
645 2467 737 2542 Quae
764 2484 840 2527 cave
862 2485 905 2528 ne
928 2464 1014 2529 nihil
1035 2467 1125 2531 aliud
1146 2488 1216 2533 csse

107 2591 237 2672 credas,
260 2610 355 2673 quam
379 2589 463 2653 hanc
487 2588 647 2675 duplicem
673 2600 816 2650 veterum
839 2588 965 2650 dicendi
987 2591 1147 2653 rationem
1169 2585 1216 2648 ἐλ-

106 2706 191 2788 πίζω
214 2703 310 2800 αὐγάν
331 2700 456 2796 γράψαι
478 2723 510 2776 et
538 2701 648 2781 ἐλπίζω
671 2697 769 2766 αὐτὸν
789 2693 932 2785 γράφειν.
984 2707 1113 2770 Etenim
1141 2727 1217 2789 quo.

107 2837 205 2900 niam
237 2837 440 2919 antiquorum
475 2836 615 2896 futurum
649 2817 766 2910 γράψω
801 2824 973 2911 dupliciter
1005 2847 1065 2913 pro
1097 2826 1218 2912 duplici

109 2959 256 3022 actionis
276 2973 401 3037 natura,
424 2959 463 3020 de
487 2976 548 3038 qua
571 2956 657 3033 dixi,
680 2953 717 3013 in
739 2949 842 3014 nostri
871 2950 1024 3037 temporis
1052 2948 1216 3013 Graecita.

107 3095 179 3146 tem
204 3083 394 3145 transfertur
415 3073 500 3151 θέλω
522 3067 639 3159 γράψει
662 3067 768 3155 (πέλει
790 3061 922 3154 γράψω,
951 3063 993 3142 sl
1015 3063 1059 3133 od
1088 3071 1139 3137 vel
1167 3082 1217 3142 sa

106 3191 249 3287 γράψω)
272 3216 305 3268 et
325 3197 411 3274 sito
432 3192 549 3284 γράφει
571 3191 678 3280 (ξιέλει
699 3187 824 3277 γράφω,
846 3186 888 3262 ῥά
910 3183 954 3250 νά
981 3194 1031 3255 vel
1059 3184 1108 3261 &ci
1137 3183 1216 3272 γρά.

102 3287 191 3406 Ιφω),
213 3328 416 3413 perspicuum
438 3337 503 3404 ost,
526 3324 560 3385 id
582 3321 666 3403 quod
693 3321 853 3384 veteribus
881 3325 953 3376 erat
982 3304 1092 3385 ἐλπίζω
1120 3303 1217 3372 αὐτὸν

105 3439 251 3532 γράψειν
271 3470 330 3537 pro
353 3449 489 3513 actionis
513 3443 730 3528 discrepantia
751 3460 839 3503 nunc
861 3435 1018 3522 appellari
1031 3423 1154 3517 ἐλπίζω
1173 3421 1216 3492 νά

106 3561 223 3654 γράψῃ
252 3584 284 3635 et
311 3563 421 3644 ἐλπίζω
449 3559 493 3628 νά
519 3556 637 3649 γράφῃ.
687 3565 801 3646 ltaque
829 3549 939 3630 ἐλπίζω
968 3547 1011 3615 νά
1036 3544 1145 3636 γράφῃ
1167 3576 1216 3618 re·

105 3695 249 3782 spondet
281 3691 334 3757 his
370 3695 573 3774 antiquorum
609 3687 761 3769 loquendi
795 3679 940 3747 formulis
974 3668 1084 3751 ἐλπίζω
1119 3671 1216 3738 αὐτὸν

105 3807 262 3900 γράφειν,
291 3808 401 3888 ἐλπίζω
424 3807 523 3873 αὐτὸν
544 3801 586 3872 άν
607 3802 741 3892 γράφειν
769 3819 802 3870 ct
830 3793 940 3874 ἐλπίζω
962 3789 1059 3860 αὐτὸν
1079 3791 1216 3882 γράψειν

105 3953 208 4024 atque
237 3931 346 4012 ἐλπίζω
373 3928 417 3997 νά
443 3925 554 4017 γράψῃ
582 3946 723 3997 veterum
751 3925 964 3991 locutionibus
987 3915 1097 3997 ἐλπίζω
1119 3913 1216 3984 αὐτὸν

105 4050 250 4147 γράψαι,
274 4053 384 4134 ἐλπίζω
407 4047 505 4118 αὐτὸν
524 4047 649 4139 γράψαι
677 4041 721 4114 oin
747 4066 780 4115 et
807 4038 917 4118 ἐλπίζω
946 4037 1042 4105 αὐτὸν
1068 4033 1215 4128 γράψειν.

104 4219 152 4236 -
179 4178 316 4265 ἐμποῢσι
337 4183 388 4248 vel
411 4176 529 4264 ἐμποῧυ
551 4179 571 4245 3
594 4199 678 4267 pers.
700 4175 743 4263 pl·
766 4191 833 4239 aar.
857 4170 939 4250 conj·
963 4170 1051 4231 verbi
1078 4156 1217 4247 ἐμπαίνω
