2684 4740
116 216 240 314 ,oo

293 395 296 400 ’
326 403 369 466 V.
396 401 467 467 171.
512 401 553 465 In
586 407 747 464 structura
777 385 896 502 ’‘⁰111ss
923 416 989 476 μου
1021 396 1133 461 Zenus
1166 411 1302 466 voterem

196 528 340 594 Genitivi
360 546 454 590 usum
475 525 622 588 servavit.
666 519 772 584 Hodie
796 518 914 582 Graeci
935 519 1020 582 idem
1042 523 1250 588 enuntiaturi
1270 527 1300 589 in

197 651 324 734 vulgari
345 667 493 711 sermone
515 647 626 709 dicunt
647 631 823 722 callirroe
844 633 896 700 ἀπ’
921 633 1019 721 ε’μεύα
1041 642 1092 707 vel
1108 637 1181 726 παρ’
1201 640 1299 727 ε’μέυα,

198 775 284 838 Vide
306 773 392 835 infra
415 770 668 840 observationem
690 766 732 828 od
754 785 835 829 vers.
858 761 934 828 996.

330 893 373 955 V.
401 889 474 955 179.
519 877 636 966 ἥσουνε
657 889 741 952 idem
765 889 848 970 quod
868 873 977 963 iioovu.
1022 887 1100 951 Vid.
1125 910 1208 954 vers.
1235 891 1297 958 169.

200 1053 244 1065 -
265 1017 318 1081 Do
339 1001 437 1095 μόναι
460 1014 599 1076 diximus
622 1011 662 1075 od
684 1030 766 1075 vers.
792 1009 865 1075 131.
887 1044 932 1058 -

333 1136 376 1199 V.
401 1134 474 1202 173.
519 1125 640 1196 ἆδικιᾶ’
664 1135 686 1197 1.
709 1155 738 1196 e.
761 1124 902 1194 ἀδικίαν.
939 1163 983 1182 -
1021 1122 1211 1239 dongootlrrq’
1233 1139 1251 1200 1,
1273 1161 1295 1201 0,

202 1249 416 1336 daeozoor'mno.
460 1257 536 1322 Vid.
564 1219 646 1342 qdde
675 1257 714 1320 de
740 1256 882 1339 synizesi
904 1259 1111 1320 commentati
1133 1279 1240 1323 sumus
1260 1261 1296 1324 ed

200 1382 336 1466 Dialogi
358 1402 440 1445 vers.
468 1378 494 1444 1.

335 1503 374 1564 V.
400 1498 473 1566 174.
517 1494 732 1585 νιμωρεῖῑτοὺς
753 1485 884 1570 didm
910 1521 948 1564 eo
969 1519 1067 1563 sensu
1088 1499 1145 1565 hic
1166 1506 1295 1590 ponitur,

202 1644 262 1708 quo
290 1624 397 1690 Anici
427 1623 577 1686 dixerunt
602 1622 775 1702 τιμωρεῖται
801 1613 874 1694 τοὺς
900 1614 1045 1702 ἀδίκους
1073 1625 1131 1687 sed
1160 1624 1217 1690 hic
1236 1647 1297 1690 sen-

201 1768 256 1810 sus
278 1766 365 1810 nunc
387 1723 500 1810 activo
512 1756 665 1832 perpetuo
694 1746 894 1830 exprimitur.
944 1745 997 1809 De
1025 1742 1150 1827 reliquo
1179 1735 1297 1818 ἄδικους

201 1889 261 1955 pro
290 1860 420 1939 ἀδίκους
442 1868 537 1932 metri
559 1867 666 1950 gretia
688 1887 709 1929 a
730 1867 822 1933 Zeno
849 1866 903 1930 hic
929 1879 1119 1955 usurpatum
1147 1882 1209 1933 est.
1256 1871 1298 1935 Cl.

202 1990 310 2053 adnot.
334 1991 376 2053 ad
397 1989 531 2074 Dialogi
553 2009 581 2053 v.
591 1987 621 2052 5.
645 1965 687 2036 -ss
709 1979 805 2070 χωρὶς
827 1989 916 2075 vulgi
936 2010 1026 2069 more
1047 1989 1104 2055 hic
1124 1995 1299 2059 accusativo

197 2112 363 2196 jungitur,
391 2123 427 2176 ut
448 2115 520 2197 J‘am
543 2113 679 2176 vidimus
700 2131 796 2176 versu
818 2109 870 2178 69.
894 2139 938 2160 -ι-

332 2233 374 2297 V.
400 2230 474 2299 175.
517 2223 573 2296 edo
606 2222 712 2294 ἐδικόν
743 2255 808 2314 μου
839 2223 984 2307 θάνατον
1015 2255 1128 2301 meam
1155 2246 1303 2304 mortem.

201 2350 277 2417 Vid.
301 2355 342 2418 od
365 2375 445 2417 vers.
468 2353 523 2420 90.

333 2471 377 2534 V.
401 2471 475 2537 176.
520 2464 562 2544 &i
590 2465 628 2532 σέ
657 2464 821 2558 τιμωρήσει
846 2478 869 2542 1.
896 2499 924 2545 e.
954 2472 1042 2550 ede
1068 2471 1109 2543 σέ
1136 2475 1299 2566 ferrumine.

78 2616 81 2627 ·
202 2591 252 2658 Cf.
274 2613 357 2659 vers.
379 2591 432 2660 91.

211 2711 213 2714 ⁴
332 2714 375 2786 V.
400 2716 472 2783 177.
517 2707 630 2795 χάδην
652 2720 675 2784 1.
698 2741 725 2788 e.
749 2711 867 2797 ἕκάθη.
912 2722 962 2786 Cl.
991 2723 1065 2790 adn.
1093 2727 1138 2792 ed
1160 2749 1242 2794 vers.
1261 2726 1296 2793 13

200 2848 235 2903 et
257 2836 331 2903 116.
354 2874 399 2887 -
1048 2848 1052 2853 ’

331 2958 376 3020 V.
401 2959 472 3024 178.
519 2953 722 3038 idoaldum
743 2963 920 3049 vulgariter
941 2986 1001 3055 pro
1024 2962 1204 3050 §camden
1232 2971 1296 3038 Vid

78 3122 82 3129 ·
201 3096 286 3169 quoe
305 3077 470 3144 docuimus
491 3082 534 3147 od
555 3102 636 3146 vers.
660 3081 713 3148 31.
742 3118 786 3133 -
816 3079 951 3169 ἒβγῆκευ
976 3089 997 3155 3
1019 3113 1105 3178 pers.
1128 3097 1216 3181 sing.
1238 3114 1293 3161 eor.

199 3199 271 3265 Ind.
299 3203 388 3268 verbi
414 3194 554 3285 ε’βγαίνω
581 3227 623 3270 ex
649 3218 791 3273 veterum
813 3203 950 3289 ἐκβαίνω
972 3215 1046 3280 orti.
1090 3213 1172 3282 Vid.
1202 3221 1293 3291 obsu-

198 3323 358 3387 votionem
380 3325 524 3391 advers.
547 3325 579 3392 9.
603 3363 646 3376 -

329 3445 371 3513 V.
398 3446 471 3514 179.
516 3435 610 3524 ἔτυχε
630 3472 698 3516 non
719 3453 844 3538 adjecto
865 3456 1038 3545 participio
1059 3445 1105 3519 dio
1115 3464 1191 3546 jam
1205 3464 1291 3553 inw-

92 3648 97 3660 Ι
199 3564 276 3664 dum
297 3567 333 3630 in
355 3571 560 3654 antiquorum
581 3572 672 3639 libris
693 3577 863 3663 reperitur.
910 3577 1001 3665 Lege
1027 3581 1213 3652 Hermonni
1233 3584 1290 3652 ool·

197 3685 450 3754 moduersionem
479 3693 521 3758 cd
549 3691 652 3782 Soph.
681 3695 738 3782 Aj.
766 3717 849 3764 vers.
876 3699 907 3766 9.
964 3704 1058 3769 Adde
1086 3705 1227 3774 Lobeck.
1258 3705 1291 3772 cd

197 3804 375 3890 Phrynich.
404 3833 478 3898 pag.
507 3813 583 3880 977.
638 3815 804 3885 Schueler.
827 3823 869 3888 ad
895 3824 974 3888 Bos.
1002 3825 1135 3915 ellipses
1161 3853 1196 3918 p.
1227 3826 1290 3898 785.

197 3925 325 4012 Vulgus
347 3951 415 3996 non
435 3938 525 4002 nouit
546 3939 627 4003 illud
648 3942 854 4028 participium
875 3932 936 4029 do,
964 3968 1063 4030 quere
1090 3949 1147 4016 hic
1176 3973 1221 4020 ne
1246 3952 1292 4018 od

190 4049 253 4132 jici
282 4053 409 4134 quidem
436 4069 580 4144 poterat,
608 4081 797 4145 quamquam
823 4067 860 4132 in
881 4069 958 4134 aliis
978 4076 1151 4140 structuris
1174 4079 1217 4144 ob
1238 4075 1292 4142 noe

194 4172 328 4242 diversis
363 4179 591 4252 indeclinabile
622 4187 831 4275 perticipium
858 4177 952 4265 dorae
978 4195 1136 4268 usitatum
1172 4213 1234 4271 est.
1255 4233 1293 4254 -·
