2684 4740
1178 221 1225 293 95

120 402 308 494 pattlotim,
326 400 533 492 pedetentim
556 400 731 488 significat,
753 424 774 468 a
795 395 934 488 potitium
957 407 1026 490 olii,
1048 411 1134 475 inter
1148 433 1226 496 quos
1325 448 1332 457 ·

124 528 248 592 Coraes
271 538 321 591 est
339 519 461 589 ’Areae
484 527 576 590 Tum.
598 525 641 591 Π.
663 547 695 614 p.
719 523 741 590 lt
762 529 803 592 ab
824 520 949 610 ἀγανός
968 529 1099 597 fluxisse
1127 546 1227 600 statu·

123 662 194 715 unt.
238 650 391 735 Ejusdem
412 650 580 736 potestatis
602 659 651 713 est
672 639 801 731 c'tpdieo.

256 773 300 835 V.
326 771 399 837 161.
445 761 606 853 [ioessamit’
631 774 653 835 i.
675 795 702 835 e.
726 763 910 852 βορὲνακάν.
937 810 981 824 -
1008 771 1183 858 ε’μέμφετον
1203 783 1225 845 i.

123 918 151 978 a.
177 888 340 977 ἐμέμφετο.
367 893 434 958 'CR
458 896 602 959 advers.
628 892 702 958 193.
725 929 769 950 —
791 887 872 955 ὃποῢ
890 889 955 957 'rou
977 919 1037 984 pro
1053 893 1133 961 ὀποῦ
1147 887 1227 976 ἦτον.

256 1017 299 1081 V.
325 1013 398 1080 162.
442 1007 512 1076 roei
532 1017 709 1101 vulgariter
731 1037 789 1103 pro
811 1007 882 1094 adv,
903 1018 1000 1083 idest
1021 1019 1054 1084 h.
1077 1021 1099 1084 l.
1122 1012 1226 1086 αὐτόν.

122 1142 257 1205 Pariter
286 1139 403 1202 Graeci
430 1139 541 1201 dieunt
562 1136 626 1208 πῶς
645 1129 716 1198 roei
736 1130 801 1220 te'tg
831 1137 994 1224 quomodo
1016 1161 1089 1205 enm
1112 1143 1227 1229 offepol.

124 1259 205 1324 las?
227 1250 299 1321 roei
321 1253 423 1337 βλέπω
446 1254 544 1322 video
566 1277 652 1321 eum.
702 1257 770 1323 Sed
801 1271 877 1324 ante
903 1264 1000 1326 verba
1021 1274 1146 1327 tantum
1168 1287 1227 1352 pro

122 1372 181 1444 eie
201 1381 348 1446 adhiberi
369 1391 474 1467 potest
495 1371 572 1440 νονέ.
602 1411 647 1428 -
676 1369 849 1441 dedisceret
868 1403 934 1468 pro
961 1375 1133 1445 ἀνέλπιστα
1152 1388 1174 1452 i.
1197 1411 1225 1454 ο.

123 1496 324 1574 ἀνελπίστως.
368 1503 511 1566 Perinde
539 1511 589 1564 est
617 1493 726 1574 ἐλπίζω
749 1515 782 1567 et
802 1496 930 1582 ὀλπίζω,
959 1508 1041 1588 quod
1064 1510 1150 1574 infra
1170 1533 1226 1576 ex.

122 1637 190 1708 stat
212 1646 293 1689 vers.
317 1621 392 1688 963.
439 1622 609 1686 Caeterum
633 1627 713 1689 roni.
738 1626 811 1689 adn.
834 1628 875 1691 ad
898 1648 980 1692 vers.
1004 1628 1047 1694 90
1063 1643 1096 1694 et
1111 1630 1164 1697 24.
1181 1667 1225 1682 -

121 1749 174 1816 De
197 1747 260 1811 hoe
282 1737 320 1805 ot
342 1745 415 1808 vide
438 1764 518 1825 quae
540 1745 680 1807 diximus
703 1746 744 1807 ad
766 1747 888 1831 dialogi
909 1771 991 1814 vers.
1015 1750 1046 1817 9.
1071 1787 1113 1800 -
1142 1748 1224 1815 ἀπω-

121 1860 203 1929 λεία’
228 1869 323 1932 metri
346 1886 443 1930 causa
464 1886 523 1952 pro
545 1855 697 1927 dadieta’
721 1869 743 1928 i.
767 1889 794 1930 e.
817 1859 983 1930 ἀπώλειαν.

255 1988 298 2053 V.
324 1987 397 2055 163.
441 1981 544 2059 &idue
578 1977 674 2070 φῦγει
706 1991 846 2052 futurum
878 1991 1157 2078 periphrasticum‚
1190 2010 1227 2062 nt

121 2114 260 2179 vidimus
281 2131 364 2176 vers.
391 2109 445 2191 21,
468 2111 524 2175 ubi
547 2112 656 2174 confer
679 2111 921 2177 adnotationem
943 2126 1097 2179 nostram.
1141 2118 1224 2199 Illis,

122 2257 203 2326 quae
224 2235 271 2299 ibi
293 2235 448 2314 diximus,
467 2252 555 2296 nunc
577 2232 664 2298 haec·
679 2234 825 2299 addenda
847 2255 1022 2300 censemus.
1068 2237 1145 2302 Non
1166 2241 1225 2306 mi·

122 2378 196 2422 rum
211 2369 275 2440 test,
298 2357 494 2421 recentiores
516 2354 579 2418 hae
599 2356 800 2444 potissimum
820 2357 1004 2446 periphrasi
1026 2361 1125 2425 suttui
1147 2373 1225 2427 ten-

120 2481 212 2569 porie
231 2481 293 2561 uti,
315 2500 411 2562 quum
433 2490 466 2543 et
488 2479 612 2560 antiqui
633 2480 807 2565 scriptores
830 2478 885 2544 hic
912 2481 982 2546 illic
1009 2481 1117 2565 locos,
1145 2504 1224 2568 quoe

119 2605 237 2668 merito
259 2601 323 2666 huc
344 2601 466 2681 trahas,
490 2601 637 2664 oderant
683 2599 774 2662 Telis
796 2612 846 2663 est
871 2603 957 2688 apud
978 2603 1150 2670 Platonem
1177 2605 1223 2672 io-

120 2748 181 2790 cus
198 2727 238 2789 in
258 2722 408 2789 Phaedro
431 2743 500 2810 cap.
524 2719 544 2786 5
565 2743 596 2808 p.
621 2717 687 2785 230
710 2717 824 2806 Steph.
853 2711 895 2780 td
919 2715 1037 2802 δένδρα
1062 2714 1158 2785 οὐδὲν
1182 2717 1224 2805 μὲ

120 2840 211 2918 βέλει
238 2836 415 2928 διδάσκειν,
443 2846 499 2909 ubi
526 2863 607 2926 quae
633 2841 841 2908 Heindorfius
868 2854 901 2907 et
924 2843 1044 2910 ‘Astiue
1070 2856 1224 2911 notarunt

121 2966 224 3033 nihili
249 2981 333 3034 sunt.
371 2968 448 3032 vRes
467 2968 514 3032 ita
535 2964 704 3032 sehabet.
750 2966 912 3048 Quidquid
934 2968 1040 3032 iacere
1067 2959 1222 3053 volumem,

119 3092 265 3174 quamvis
281 3095 352 3176 Jam
374 3092 410 3154 in
432 3113 470 3154 eo
492 3092 603 3172 simus,
625 3101 663 3154 ut
684 3090 849 3169 iaciemus,
867 3092 1017 3172 quoniam
1031 3103 1150 3156 natura
1164 3113 1223 3160 sua

118 3213 163 3278 ad
192 3214 333 3276 futurum
360 3223 484 3297 ternpus
510 3222 650 3297 spectat,
678 3213 745 3276 sire
767 3210 848 3275 illud
876 3213 1002 3290 statim,
1032 3213 1100 3275 sive
1121 3214 1222 3280 multa

116 3344 196 3423 post
217 3333 479 3415 iore-cogitatur,
501 3333 548 3396 ita
568 3333 673 3427 verbis
694 3335 869 3397 enunciare
891 3331 1042 3412 solemus,
1064 3343 1100 3395 ut
1124 3353 1222 3414 quan.

118 3469 190 3522 tum
212 3457 248 3519 in
270 3455 364 3519 nobis
386 3454 484 3518 situm
505 3454 559 3535 sit,
582 3467 787 3519 exsecuturos
817 3474 877 3518 nos
900 3475 971 3519 esse
992 3452 1222 3538 significemus,

117 3578 206 3643 nihil
228 3591 389 3659 autumes,
412 3597 528 3641 verene
550 3573 613 3640 hoe
635 3591 819 3642 eventurum
841 3579 896 3658 sit,
919 3597 962 3640 an
984 3577 1101 3640 minus.
1139 3577 1223 3644 Huic

117 3703 245 3766 notioni
269 3701 503 3789 exprimendae.
518 3701 714 3766 destinatum
741 3711 791 3763 est
812 3700 896 3785 apud
925 3698 1065 3763 Graecos
1093 3703 1223 3766 verbum

117 3816 227 3896 &itata
242 3823 293 3887 vel
315 3818 447 3904 ἐθέλειν,
469 3843 490 3888 a
511 3843 572 3906 quo
595 3822 857 3911 distinguendum
873 3831 924 3884 est
937 3811 1121 3899 βούλεσξναι.
1151 3822 1223 3888 Hoc

116 3946 207 4010 enim
228 3963 296 4010 non
317 3956 385 4009 tam
407 3936 479 4032 ipsa
500 3943 659 4026 voluntas,
681 3964 776 4027 quam
797 3953 933 4006 externa
954 3943 1130 4010 voluntatis
1151 3967 1222 4032 epe·

116 4070 186 4132 cies
208 4068 410 4153 exprimitur.
456 4067 529 4143 Quo
558 4064 598 4130 fit
623 4077 660 4130 ut
687 4059 705 4126 ὁ
732 4060 837 4136 &dom
863 4057 994 4140 ποιῆσαί
1017 4084 1045 4126 rt
1067 4069 1155 4130 omni
1176 4068 1222 4130 vi.

114 4192 204 4256 rium
228 4165 433 4257 contentione
454 4188 589 4271 nitatur,
610 4164 647 4255 ut
667 4187 777 4272 finem,
795 4205 889 4272 quem
905 4187 968 4251 sibi
981 4188 1158 4276 proposuit,
1173 4198 1223 4251 et·
