<?xml version="1.0" encoding="UTF-8"?>
<!DOCTYPE html PUBLIC "-//W3C//DTD XHTML 1.0 Transitional//EN"
    "http://www.w3.org/TR/xhtml1/DTD/xhtml1-transitional.dtd">
<html xmlns="http://www.w3.org/1999/xhtml" xml:lang="en" lang="en">
 <head>
  <title>
</title>
<meta http-equiv="Content-Type" content="text/html;charset=utf-8" />
  <meta name='ocr-system' content='tesseract 3.04.00' />
  <meta name='ocr-capabilities' content='ocr_page ocr_carea ocr_par ocr_line ocrx_word'/>
</head>
<body>
  <div class='ocr_page' id='page_1' title='image "./demetriizenipar00mullgoog_0062.png"; bbox 0 0 2684 4740; ppageno 0'>
   <div class='ocr_carea' id='block_1_1' title="bbox 1175 234 1225 287">
    <p class='ocr_par' dir='ltr' id='par_1_1' title="bbox 1175 234 1225 287">
     <span class='ocr_line' id='line_1_1' title="bbox 1175 234 1225 287; baseline 0.04 -2"><span class='ocrx_word' id='word_1_1' title='bbox 1175 234 1225 287; x_wconf 70' lang='grc' dir='ltr'><strong>-ΙΝ</strong></span> 
     </span>
    </p>
   </div>
   <div class='ocr_carea' id='block_1_2' title="bbox 98 397 1308 4309">
    <p class='ocr_par' dir='ltr' id='par_1_2' title="bbox 98 397 1308 4309">
     <span class='ocr_line' id='line_1_2' title="bbox 113 397 1223 506; baseline 0.01 -36"><span class='ocrx_word' id='word_1_2' title='bbox 113 397 1223 506; x_wconf 80' lang='lat' dir='ltr'><strong>barograeca‚idquodexrocognoscimus‚quodquaecunque</strong></span> 
     </span>
     <span class='ocr_line' id='line_1_3' title="bbox 114 531 1221 643; baseline 0.008 -39"><span class='ocrx_word' id='word_1_3' title='bbox 114 531 278 643; x_wconf 74' lang='lat' dir='ltr'><strong>bangius</strong></span> <span class='ocrx_word' id='word_1_4' title='bbox 302 541 439 604; x_wconf 87' lang='lat' dir='ltr'><strong>temere</strong></span> <span class='ocrx_word' id='word_1_5' title='bbox 465 532 501 616; x_wconf 85' lang='lat' dir='ltr'><strong>in</strong></span> <span class='ocrx_word' id='word_1_6' title='bbox 526 541 625 607; x_wconf 79' lang='lat' dir='ltr'><strong>textu</strong></span> <span class='ocrx_word' id='word_1_7' title='bbox 649 533 809 622; x_wconf 89' lang='lat' dir='ltr'><strong>mutavit,</strong></span> <span class='ocrx_word' id='word_1_8' title='bbox 835 559 876 605; x_wconf 87' lang='lat' dir='ltr'><strong>ea</strong></span> <span class='ocrx_word' id='word_1_9' title='bbox 902 533 1076 635; x_wconf 79' lang='lat' dir='ltr'><strong>ilgerius,</strong></span> <span class='ocrx_word' id='word_1_10' title='bbox 1110 562 1221 636; x_wconf 83' lang='lat' dir='ltr'><strong>quum</strong></span> 
     </span>
     <span class='ocr_line' id='line_1_4' title="bbox 115 662 1221 765; baseline 0.008 -29"><span class='ocrx_word' id='word_1_11' title='bbox 115 662 202 764; x_wconf 88' lang='lat' dir='ltr'><strong>quid</strong></span> <span class='ocrx_word' id='word_1_12' title='bbox 233 663 273 736; x_wconf 92' lang='lat' dir='ltr'><strong>in</strong></span> <span class='ocrx_word' id='word_1_13' title='bbox 304 663 561 764; x_wconf 80' lang='lat' dir='ltr'><strong>Turcograecia</strong></span> <span class='ocrx_word' id='word_1_14' title='bbox 587 662 779 765; x_wconf 86' lang='lat' dir='ltr'><strong>legeretur,</strong></span> <span class='ocrx_word' id='word_1_15' title='bbox 810 665 982 757; x_wconf 88' lang='lat' dir='ltr'><strong>nesciret,</strong></span> <span class='ocrx_word' id='word_1_16' title='bbox 1013 678 1221 745; x_wconf 74' lang='lat' dir='ltr'><strong>constanter</strong></span> 
     </span>
     <span class='ocr_line' id='line_1_5' title="bbox 115 795 1219 901; baseline 0.007 -33"><span class='ocrx_word' id='word_1_17' title='bbox 115 795 274 870; x_wconf 85' lang='lat' dir='ltr'><strong>retinuit.</strong></span> <span class='ocrx_word' id='word_1_18' title='bbox 323 795 398 896; x_wconf 84' lang='lat' dir='ltr'><strong>Qui</strong></span> <span class='ocrx_word' id='word_1_19' title='bbox 429 795 461 869; x_wconf 87' lang='lat' dir='ltr'><strong>si</strong></span> <span class='ocrx_word' id='word_1_20' title='bbox 486 795 781 897; x_wconf 81' lang='lat' dir='ltr'><strong>Turcograeciam</strong></span> <span class='ocrx_word' id='word_1_21' title='bbox 810 797 1013 891; x_wconf 81' lang='lat' dir='ltr'>habuisset,</span> <span class='ocrx_word' id='word_1_22' title='bbox 1042 799 1219 901; x_wconf 80' lang='lat' dir='ltr'><strong>[angium</strong></span> 
     </span>
     <span class='ocr_line' id='line_1_6' title="bbox 112 926 1219 1028; baseline 0.01 -29"><span class='ocrx_word' id='word_1_23' title='bbox 112 927 150 999; x_wconf 92' lang='lat' dir='ltr'><strong>in</strong></span> <span class='ocrx_word' id='word_1_24' title='bbox 181 926 239 1002; x_wconf 91' lang='lat' dir='ltr'><strong>his</strong></span> <span class='ocrx_word' id='word_1_25' title='bbox 269 927 394 1028; x_wconf 89' lang='lat' dir='ltr'><strong>procul</strong></span> <span class='ocrx_word' id='word_1_26' title='bbox 424 927 532 1001; x_wconf 93' lang='lat' dir='ltr'><strong>dubio</strong></span> <span class='ocrx_word' id='word_1_27' title='bbox 564 928 690 1002; x_wconf 89' lang='lat' dir='ltr'><strong>ducem</strong></span> <span class='ocrx_word' id='word_1_28' title='bbox 721 957 795 1005; x_wconf 89' lang='lat' dir='ltr'><strong>uon</strong></span> <span class='ocrx_word' id='word_1_29' title='bbox 827 940 972 1007; x_wconf 86' lang='lat' dir='ltr'><strong>secutus</strong></span> <span class='ocrx_word' id='word_1_30' title='bbox 1005 943 1112 1009; x_wconf 79' lang='lat' dir='ltr'><strong>esset</strong></span> <span class='ocrx_word' id='word_1_31' title='bbox 1166 933 1219 1010; x_wconf 77' lang='lat' dir='ltr'><strong>At</strong></span> 
     </span>
     <span class='ocr_line' id='line_1_7' title="bbox 111 1034 1265 1165; baseline 0.003 -33"><span class='ocrx_word' id='word_1_32' title='bbox 111 1058 251 1160; x_wconf 82' lang='lat' dir='ltr'><strong>llgenio</strong></span> <span class='ocrx_word' id='word_1_33' title='bbox 284 1085 428 1159; x_wconf 87' lang='lat' dir='ltr'><strong>qnoque</strong></span> <span class='ocrx_word' id='word_1_34' title='bbox 447 1059 649 1134; x_wconf 78' lang='lat' dir='ltr'><strong>admodum</strong></span> <span class='ocrx_word' id='word_1_35' title='bbox 673 1034 807 1160; x_wconf 30' lang='lat' dir='ltr'><strong>&#39;exigua</strong></span> <span class='ocrx_word' id='word_1_36' title='bbox 838 1063 1048 1137; x_wconf 78' lang='lat' dir='ltr'><strong>recentioris</strong></span> <span class='ocrx_word' id='word_1_37' title='bbox 1079 1063 1218 1165; x_wconf 78' lang='lat' dir='ltr'><strong>linguae</strong></span> <span class='ocrx_word' id='word_1_38' title='bbox 1260 1116 1265 1123; x_wconf 88' lang='lat'><em>-</em></span> 
     </span>
     <span class='ocr_line' id='line_1_8' title="bbox 111 1170 1220 1295; baseline 0.006 -33"><span class='ocrx_word' id='word_1_39' title='bbox 111 1217 263 1292; x_wconf 77' lang='lat' dir='ltr'>graecae</span> <span class='ocrx_word' id='word_1_40' title='bbox 289 1192 436 1266; x_wconf 88' lang='lat' dir='ltr'><strong>scientia</strong></span> <span class='ocrx_word' id='word_1_41' title='bbox 462 1202 548 1280; x_wconf 81' lang='lat' dir='ltr'><strong>erat,</strong></span> <span class='ocrx_word' id='word_1_42' title='bbox 574 1216 680 1289; x_wconf 90' lang='lat' dir='ltr'><strong>quam</strong></span> <span class='ocrx_word' id='word_1_43' title='bbox 711 1216 756 1262; x_wconf 85' lang='lat' dir='ltr'><strong>ex</strong></span> <span class='ocrx_word' id='word_1_44' title='bbox 779 1217 850 1264; x_wconf 89' lang='lat' dir='ltr'><strong>una</strong></span> <span class='ocrx_word' id='word_1_45' title='bbox 874 1170 1002 1292; x_wconf 69' lang='lat' dir='ltr'><strong>[langii</strong></span> <span class='ocrx_word' id='word_1_46' title='bbox 1031 1192 1220 1295; x_wconf 82' lang='lat' dir='ltr'><strong>philologia</strong></span> 
     </span>
     <span class='ocr_line' id='line_1_9' title="bbox 112 1316 1221 1423; baseline 0.005 -28"><span class='ocrx_word' id='word_1_47' title='bbox 112 1323 395 1423; x_wconf 81' lang='lat' dir='ltr'><strong>barbarograeca</strong></span> <span class='ocrx_word' id='word_1_48' title='bbox 425 1332 462 1397; x_wconf 86' lang='lat' dir='ltr'><strong>et</strong></span> <span class='ocrx_word' id='word_1_49' title='bbox 497 1346 542 1395; x_wconf 86' lang='lat' dir='ltr'><strong>ex</strong></span> <span class='ocrx_word' id='word_1_50' title='bbox 574 1316 804 1396; x_wconf 85' lang='lat' dir='ltr'><strong>translatione</strong></span> <span class='ocrx_word' id='word_1_51' title='bbox 835 1323 918 1402; x_wconf 86' lang='lat' dir='ltr'><strong>novi</strong></span> <span class='ocrx_word' id='word_1_52' title='bbox 949 1325 1154 1399; x_wconf 82' lang='lat' dir='ltr'><strong>testamenti</strong></span> <span class='ocrx_word' id='word_1_53' title='bbox 1182 1326 1221 1401; x_wconf 90' lang='lat' dir='ltr'><strong>in</strong></span> 
     </span>
     <span class='ocr_line' id='line_1_10' title="bbox 110 1453 1220 1566; baseline 0.006 -40"><span class='ocrx_word' id='word_1_54' title='bbox 110 1453 271 1554; x_wconf 86' lang='lat' dir='ltr'><strong>linguam</strong></span> <span class='ocrx_word' id='word_1_55' title='bbox 295 1453 485 1566; x_wconf 83' lang='lat' dir='ltr'><strong>vulgarem,</strong></span> <span class='ocrx_word' id='word_1_56' title='bbox 510 1457 611 1553; x_wconf 87' lang='lat' dir='ltr'><strong>cujus</strong></span> <span class='ocrx_word' id='word_1_57' title='bbox 637 1479 743 1553; x_wconf 87' lang='lat' dir='ltr'><strong>supra</strong></span> <span class='ocrx_word' id='word_1_58' title='bbox 769 1454 921 1545; x_wconf 89' lang='lat' dir='ltr'><strong>memini,</strong></span> <span class='ocrx_word' id='word_1_59' title='bbox 946 1454 1016 1530; x_wconf 85' lang='lat' dir='ltr'><strong>sibi</strong></span> <span class='ocrx_word' id='word_1_60' title='bbox 1039 1481 1220 1557; x_wconf 85' lang='lat' dir='ltr'><strong>compara-</strong></span> 
     </span>
     <span class='ocr_line' id='line_1_11' title="bbox 110 1584 1217 1686; baseline 0.005 -25"><span class='ocrx_word' id='word_1_61' title='bbox 110 1594 225 1662; x_wconf 83' lang='lat' dir='ltr'><strong>verat</strong></span> <span class='ocrx_word' id='word_1_62' title='bbox 274 1584 398 1685; x_wconf 82' lang='lat' dir='ltr'><strong>Quare</strong></span> <span class='ocrx_word' id='word_1_63' title='bbox 424 1611 515 1686; x_wconf 88' lang='lat' dir='ltr'><strong>quae</strong></span> <span class='ocrx_word' id='word_1_64' title='bbox 545 1585 601 1663; x_wconf 78' lang='lat' dir='ltr'><strong>vir</strong></span> <span class='ocrx_word' id='word_1_65' title='bbox 631 1584 691 1659; x_wconf 90' lang='lat' dir='ltr'><strong>ille</strong></span> <span class='ocrx_word' id='word_1_66' title='bbox 721 1586 837 1661; x_wconf 87' lang='lat' dir='ltr'><strong>bonus</strong></span> <span class='ocrx_word' id='word_1_67' title='bbox 869 1612 943 1662; x_wconf 94' lang='lat' dir='ltr'><strong>non</strong></span> <span class='ocrx_word' id='word_1_68' title='bbox 972 1589 1143 1679; x_wconf 87' lang='lat' dir='ltr'><strong>correxit,</strong></span> <span class='ocrx_word' id='word_1_69' title='bbox 1174 1616 1217 1667; x_wconf 80' lang='lat' dir='ltr'><strong>ea</strong></span> 
     </span>
     <span class='ocr_line' id='line_1_12' title="bbox 111 1716 1223 1818; baseline 0.004 -27"><span class='ocrx_word' id='word_1_70' title='bbox 111 1743 161 1792; x_wconf 88' lang='lat' dir='ltr'><strong>ne</strong></span> <span class='ocrx_word' id='word_1_71' title='bbox 193 1716 370 1816; x_wconf 79' lang='lat' dir='ltr'><strong>corrigere</strong></span> <span class='ocrx_word' id='word_1_72' title='bbox 401 1717 544 1817; x_wconf 89' lang='lat' dir='ltr'><strong>quidem</strong></span> <span class='ocrx_word' id='word_1_73' title='bbox 575 1717 708 1816; x_wconf 85' lang='lat' dir='ltr'><strong>potuit,</strong></span> <span class='ocrx_word' id='word_1_74' title='bbox 745 1726 787 1792; x_wconf 88' lang='lat' dir='ltr'><strong>ut</strong></span> <span class='ocrx_word' id='word_1_75' title='bbox 821 1717 1028 1818; x_wconf 80' lang='lat' dir='ltr'><strong>intelligitur</strong></span> <span class='ocrx_word' id='word_1_76' title='bbox 1064 1745 1110 1795; x_wconf 86' lang='lat' dir='ltr'><strong>ex</strong></span> <span class='ocrx_word' id='word_1_77' title='bbox 1139 1724 1223 1818; x_wconf 77' lang='lat' dir='ltr'><strong>ejus</strong></span> 
     </span>
     <span class='ocr_line' id='line_1_13' title="bbox 112 1842 1218 1949; baseline 0.005 -25"><span class='ocrx_word' id='word_1_78' title='bbox 112 1842 377 1938; x_wconf 76' lang='lat' dir='ltr'><strong>commentario,</strong></span> <span class='ocrx_word' id='word_1_79' title='bbox 403 1846 510 1949; x_wconf 87' lang='lat' dir='ltr'><strong>pleno</strong></span> <span class='ocrx_word' id='word_1_80' title='bbox 535 1849 679 1949; x_wconf 91' lang='lat' dir='ltr'><strong>ineptiis</strong></span> <span class='ocrx_word' id='word_1_81' title='bbox 705 1856 744 1922; x_wconf 91' lang='lat' dir='ltr'><strong>et</strong></span> <span class='ocrx_word' id='word_1_82' title='bbox 767 1848 957 1924; x_wconf 88' lang='lat' dir='ltr'><strong>erroribus.</strong></span> <span class='ocrx_word' id='word_1_83' title='bbox 982 1846 1096 1927; x_wconf 89' lang='lat' dir='ltr'><strong>Verbi</strong></span> <span class='ocrx_word' id='word_1_84' title='bbox 1112 1877 1218 1929; x_wconf 68' lang='lat' dir='ltr'><strong>cerusa</strong></span> 
     </span>
     <span class='ocr_line' id='line_1_14' title="bbox 112 1979 1220 2085; baseline -0.002 -28"><span class='ocrx_word' id='word_1_85' title='bbox 112 1981 159 2057; x_wconf 75' lang='lat' dir='ltr'><strong>ad</strong></span> <span class='ocrx_word' id='word_1_86' title='bbox 184 2009 217 2058; x_wconf 78' lang='lat' dir='ltr'><strong>v.</strong></span> <span class='ocrx_word' id='word_1_87' title='bbox 241 1982 290 2056; x_wconf 79' lang='grc'><strong>89</strong></span> <span class='ocrx_word' id='word_1_88' title='bbox 303 1979 475 2081; x_wconf 71' lang='grc' dir='ltr'><strong>Ιεει’ἱῙ)εἰῐ;</strong></span> <span class='ocrx_word' id='word_1_89' title='bbox 500 1979 725 2083; x_wconf 67' lang='grc' dir='ltr'><strong><em>,,γρυκήσω)</em></strong></span> <span class='ocrx_word' id='word_1_90' title='bbox 742 1979 921 2081; x_wconf 68' lang='grc' dir='ltr'><strong>γρυκίζω,</strong></span> <span class='ocrx_word' id='word_1_91' title='bbox 936 1980 1098 2080; x_wconf 60' lang='lat' dir='ltr'><strong>possidat,</strong></span> <span class='ocrx_word' id='word_1_92' title='bbox 1116 2013 1220 2085; x_wconf 68' lang='lat' dir='ltr'><strong>ppos-</strong></span> 
     </span>
     <span class='ocr_line' id='line_1_15' title="bbox 111 2106 1217 2216; baseline 0 -28"><span class='ocrx_word' id='word_1_93' title='bbox 111 2113 213 2205; x_wconf 78' lang='grc' dir='ltr'><strong>κίζω,</strong></span> <span class='ocrx_word' id='word_1_94' title='bbox 229 2111 593 2216; x_wconf 51' lang='grc' dir='ltr'><strong>γρυψριυγροικίσω,</strong></span> <span class='ocrx_word' id='word_1_95' title='bbox 608 2106 937 2212; x_wconf 56' lang='lat' dir='ltr'><strong>pompm-&gt;morato</strong></span> <span class='ocrx_word' id='word_1_96' title='bbox 957 2108 1217 2201; x_wconf 70' lang='lat' dir='ltr'><strong>auiutadverto,</strong></span> 
     </span>
     <span class='ocr_line' id='line_1_16' title="bbox 110 2239 1218 2344; baseline 0.001 -25"><span class='ocrx_word' id='word_1_97' title='bbox 110 2247 295 2344; x_wconf 83' lang='lat' dir='ltr'><strong>intelligo,</strong></span> <span class='ocrx_word' id='word_1_98' title='bbox 311 2245 439 2315; x_wconf 83' lang='lat' dir='ltr'><strong>sentio.</strong></span> <span class='ocrx_word' id='word_1_99' title='bbox 479 2241 651 2330; x_wconf 77' lang='lat' dir='ltr'><strong>Fortasse</strong></span> <span class='ocrx_word' id='word_1_100' title='bbox 668 2250 786 2314; x_wconf 83' lang='lat' dir='ltr'><strong>ortum</strong></span> <span class='ocrx_word' id='word_1_101' title='bbox 804 2248 863 2314; x_wconf 82' lang='lat' dir='ltr'><strong>est</strong></span> <span class='ocrx_word' id='word_1_102' title='bbox 881 2266 900 2312; x_wconf 92' lang='lat' dir='ltr'><strong>e</strong></span> <span class='ocrx_word' id='word_1_103' title='bbox 917 2239 1040 2339; x_wconf 80' lang='grc' dir='ltr'><strong><em>κρίνω,</em></strong></span> <span class='ocrx_word' id='word_1_104' title='bbox 1057 2242 1218 2342; x_wconf 69' lang='grc' dir='ltr'><strong>κέκρικα,</strong></span> 
     </span>
     <span class='ocr_line' id='line_1_17' title="bbox 112 2367 1218 2477; baseline 0.002 -28"><span class='ocrx_word' id='word_1_105' title='bbox 112 2375 244 2474; x_wconf 68' lang='lat' dir='ltr'><strong>aptam,</strong></span> <span class='ocrx_word' id='word_1_106' title='bbox 268 2372 400 2477; x_wconf 59' lang='grc' dir='ltr'><em>γρίκω,</em></span> <span class='ocrx_word' id='word_1_107' title='bbox 431 2381 472 2446; x_wconf 89' lang='lat' dir='ltr'><strong>ut</strong></span> <span class='ocrx_word' id='word_1_108' title='bbox 500 2367 674 2474; x_wconf 66' lang='grc' dir='ltr'><strong><em>γναφεὺς</em></strong></span> <span class='ocrx_word' id='word_1_109' title='bbox 703 2382 741 2447; x_wconf 88' lang='lat' dir='ltr'><strong>et</strong></span> <span class='ocrx_word' id='word_1_110' title='bbox 769 2370 975 2470; x_wconf 60' lang='lat' dir='ltr'><strong>annoanlo-&#39;³</strong></span> <span class='ocrx_word' id='word_1_111' title='bbox 1027 2372 1143 2453; x_wconf 82' lang='lat' dir='ltr'><strong>Porno</strong></span> <span class='ocrx_word' id='word_1_112' title='bbox 1171 2377 1218 2453; x_wconf 82' lang='lat' dir='ltr'><strong>ad</strong></span> 
     </span>
     <span class='ocr_line' id='line_1_18' title="bbox 111 2484 1216 2608; baseline 0.001 -26"><span class='ocrx_word' id='word_1_113' title='bbox 111 2484 209 2582; x_wconf 88' lang='lat' dir='ltr'><strong>vers.</strong></span> <span class='ocrx_word' id='word_1_114' title='bbox 232 2508 277 2578; x_wconf 80' lang='lat' dir='ltr'><strong>ot</strong></span> <span class='ocrx_word' id='word_1_115' title='bbox 301 2504 501 2581; x_wconf 76' lang='lat' dir='ltr'><strong>adnotavit:</strong></span> <span class='ocrx_word' id='word_1_116' title='bbox 526 2562 550 2596; x_wconf 89' lang='lat'><strong>‚‚</strong></span> <span class='ocrx_word' id='word_1_117' title='bbox 558 2502 764 2608; x_wconf 65' lang='lat' dir='ltr'><strong>piscarium)</strong></span> <span class='ocrx_word' id='word_1_118' title='bbox 789 2497 926 2601; x_wconf 69' lang='grc' dir='ltr'><strong>φεύξω.</strong></span> <span class='ocrx_word' id='word_1_119' title='bbox 951 2505 998 2581; x_wconf 86' lang='lat' dir='ltr'><strong>al..</strong></span> <span class='ocrx_word' id='word_1_120' title='bbox 1017 2506 1216 2608; x_wconf 57' lang='lat' dir='ltr'><strong>plaurelium.</strong></span> 
     </span>
     <span class='ocr_line' id='line_1_19' title="bbox 111 2618 1219 2737; baseline 0 -24"><span class='ocrx_word' id='word_1_121' title='bbox 111 2637 222 2714; x_wconf 84' lang='lat' dir='ltr'><strong>Fort.</strong></span> <span class='ocrx_word' id='word_1_122' title='bbox 248 2636 374 2727; x_wconf 60' lang='lat' dir='ltr'><strong>allum,</strong></span> <span class='ocrx_word' id='word_1_123' title='bbox 400 2636 568 2737; x_wconf 63' lang='lat' dir='ltr'><strong>stallum,</strong></span> <span class='ocrx_word' id='word_1_124' title='bbox 592 2618 819 2724; x_wconf 49' lang='lat' dir='ltr'><strong>durantum,</strong></span> <span class='ocrx_word' id='word_1_125' title='bbox 844 2634 989 2725; x_wconf 68' lang='grc' dir='ltr'><strong>κλιτὺς,</strong></span> <span class='ocrx_word' id='word_1_126' title='bbox 1004 2637 1127 2726; x_wconf 70' lang='grc' dir='ltr'><strong>κλίτος</strong></span> <span class='ocrx_word' id='word_1_127' title='bbox 1141 2643 1219 2733; x_wconf 72' lang='lat' dir='ltr'><strong>lan·</strong></span> 
     </span>
     <span class='ocr_line' id='line_1_20' title="bbox 112 2761 1221 2871; baseline 0.001 -29"><span class='ocrx_word' id='word_1_128' title='bbox 112 2770 240 2871; x_wconf 78' lang='lat' dir='ltr'><strong>gulos)</strong></span> <span class='ocrx_word' id='word_1_129' title='bbox 265 2766 411 2853; x_wconf 65' lang='grc' dir='ltr'>κλιτὸω,</span> <span class='ocrx_word' id='word_1_130' title='bbox 435 2764 619 2854; x_wconf 58' lang='lat' dir='ltr'><strong>morona,</strong></span> <span class='ocrx_word' id='word_1_131' title='bbox 650 2761 823 2865; x_wconf 63' lang='lat' dir='ltr'><strong>patrona</strong></span> <span class='ocrx_word' id='word_1_132' title='bbox 852 2788 906 2862; x_wconf 87' lang='lat' dir='ltr'><strong>pr.</strong></span> <span class='ocrx_word' id='word_1_133' title='bbox 937 2764 1042 2838; x_wconf 87' lang='lat' dir='ltr'><strong>einen</strong></span> <span class='ocrx_word' id='word_1_134' title='bbox 1065 2765 1221 2843; x_wconf 83' lang='lat' dir='ltr'><strong>Wiuket</strong></span> 
     </span>
     <span class='ocr_line' id='line_1_21' title="bbox 112 2891 1220 2994; baseline 0.002 -21"><span class='ocrx_word' id='word_1_135' title='bbox 112 2898 275 2973; x_wconf 87' lang='lat' dir='ltr'><strong>macheu.</strong></span> <span class='ocrx_word' id='word_1_136' title='bbox 300 2894 382 2973; x_wconf 81' lang='lat' dir='ltr'><strong>vid.</strong></span> <span class='ocrx_word' id='word_1_137' title='bbox 407 2896 452 2970; x_wconf 91' lang='lat' dir='ltr'><strong>ad</strong></span> <span class='ocrx_word' id='word_1_138' title='bbox 476 2923 509 2973; x_wconf 83' lang='lat' dir='ltr'><strong>v.</strong></span> <span class='ocrx_word' id='word_1_139' title='bbox 533 2894 615 2968; x_wconf 84' lang='lat'><strong>89.”</strong></span> <span class='ocrx_word' id='word_1_140' title='bbox 664 2891 769 2994; x_wconf 84' lang='lat' dir='ltr'><strong>Quae</strong></span> <span class='ocrx_word' id='word_1_141' title='bbox 795 2894 974 2993; x_wconf 86' lang='lat' dir='ltr'><strong>quomodo</strong></span> <span class='ocrx_word' id='word_1_142' title='bbox 1000 2894 1220 2975; x_wconf 88' lang='lat' dir='ltr'><strong>emendanda</strong></span> 
     </span>
     <span class='ocr_line' id='line_1_22' title="bbox 111 3023 1218 3123; baseline 0.001 -16"><span class='ocrx_word' id='word_1_143' title='bbox 111 3031 203 3120; x_wconf 88' lang='lat' dir='ltr'><strong>sint,</strong></span> <span class='ocrx_word' id='word_1_144' title='bbox 243 3054 287 3102; x_wconf 85' lang='lat' dir='ltr'><strong>ex</strong></span> <span class='ocrx_word' id='word_1_145' title='bbox 322 3039 447 3103; x_wconf 91' lang='lat' dir='ltr'><strong>nostro</strong></span> <span class='ocrx_word' id='word_1_146' title='bbox 485 3024 750 3104; x_wconf 85' lang='lat' dir='ltr'><strong>Commentario</strong></span> <span class='ocrx_word' id='word_1_147' title='bbox 788 3023 956 3104; x_wconf 84' lang='lat' dir='ltr'><strong>discatur.</strong></span> <span class='ocrx_word' id='word_1_148' title='bbox 1016 3026 1108 3123; x_wconf 83' lang='lat' dir='ltr'><strong>Post</strong></span> <span class='ocrx_word' id='word_1_149' title='bbox 1148 3029 1218 3110; x_wconf 77' lang='lat' dir='ltr'><strong>lios</strong></span> 
     </span>
     <span class='ocr_line' id='line_1_23' title="bbox 113 3159 1222 3259; baseline 0.002 -22"><span class='ocrx_word' id='word_1_150' title='bbox 113 3162 325 3238; x_wconf 87' lang='lat' dir='ltr'><strong>decessores</strong></span> <span class='ocrx_word' id='word_1_151' title='bbox 362 3161 512 3235; x_wconf 87' lang='lat' dir='ltr'><strong>maxima</strong></span> <span class='ocrx_word' id='word_1_152' title='bbox 543 3159 674 3234; x_wconf 86' lang='lat' dir='ltr'><strong>laboris</strong></span> <span class='ocrx_word' id='word_1_153' title='bbox 712 3183 795 3259; x_wconf 81' lang='lat' dir='ltr'><strong>pars</strong></span> <span class='ocrx_word' id='word_1_154' title='bbox 832 3159 920 3234; x_wconf 90' lang='lat' dir='ltr'><strong>mihi</strong></span> <span class='ocrx_word' id='word_1_155' title='bbox 956 3159 1073 3236; x_wconf 87' lang='lat' dir='ltr'><strong>adhuc</strong></span> <span class='ocrx_word' id='word_1_156' title='bbox 1104 3165 1222 3239; x_wconf 70' lang='lat' dir='ltr'><strong>susci.</strong></span> 
     </span>
     <span class='ocr_line' id='line_1_24' title="bbox 112 3290 1219 3398; baseline 0 -28"><span class='ocrx_word' id='word_1_157' title='bbox 112 3293 243 3398; x_wconf 84' lang='lat' dir='ltr'><strong>pianda</strong></span> <span class='ocrx_word' id='word_1_158' title='bbox 273 3295 439 3369; x_wconf 87' lang='lat' dir='ltr'><strong>restabat.</strong></span> <span class='ocrx_word' id='word_1_159' title='bbox 494 3293 648 3368; x_wconf 75' lang='lat' dir='ltr'><strong>&#39;sextum</strong></span> <span class='ocrx_word' id='word_1_160' title='bbox 680 3315 765 3391; x_wconf 85' lang='lat' dir='ltr'><strong>ergo</strong></span> <span class='ocrx_word' id='word_1_161' title='bbox 796 3290 933 3366; x_wconf 86' lang='lat' dir='ltr'><strong>collatis</strong></span> <span class='ocrx_word' id='word_1_162' title='bbox 963 3292 1127 3368; x_wconf 88' lang='lat' dir='ltr'><strong>omnibus</strong></span> <span class='ocrx_word' id='word_1_163' title='bbox 1158 3321 1219 3370; x_wconf 89' lang='lat' dir='ltr'><strong>su-</strong></span> 
     </span>
     <span class='ocr_line' id='line_1_25' title="bbox 112 3422 1218 3530; baseline 0 -28"><span class='ocrx_word' id='word_1_164' title='bbox 112 3427 312 3530; x_wconf 85' lang='lat' dir='ltr'><strong>perioribus</strong></span> <span class='ocrx_word' id='word_1_165' title='bbox 338 3426 552 3517; x_wconf 85' lang='lat' dir='ltr'><strong>editionibus</strong></span> <span class='ocrx_word' id='word_1_166' title='bbox 577 3422 852 3514; x_wconf 85' lang='lat' dir='ltr'><strong>recensui,.sic‚</strong></span> <span class='ocrx_word' id='word_1_167' title='bbox 883 3433 923 3498; x_wconf 91' lang='lat' dir='ltr'><strong>ut</strong></span> <span class='ocrx_word' id='word_1_168' title='bbox 953 3448 1026 3497; x_wconf 89' lang='lat' dir='ltr'><strong>non</strong></span> <span class='ocrx_word' id='word_1_169' title='bbox 1057 3423 1218 3502; x_wconf 82' lang='lat' dir='ltr'><strong>soluma</strong></span> 
     </span>
     <span class='ocr_line' id='line_1_26' title="bbox 112 3553 1299 3659; baseline -0.003 -24"><span class='ocrx_word' id='word_1_170' title='bbox 112 3560 312 3659; x_wconf 87' lang='lat' dir='ltr'><strong>scripturae</strong></span> <span class='ocrx_word' id='word_1_171' title='bbox 335 3559 473 3632; x_wconf 88' lang='lat' dir='ltr'><strong>mendis</strong></span> <span class='ocrx_word' id='word_1_172' title='bbox 500 3584 581 3631; x_wconf 90' lang='lat' dir='ltr'><strong>eum</strong></span> <span class='ocrx_word' id='word_1_173' title='bbox 606 3555 802 3643; x_wconf 84' lang='lat' dir='ltr'><strong>liberarem,</strong></span> <span class='ocrx_word' id='word_1_174' title='bbox 828 3553 893 3629; x_wconf 92' lang='lat' dir='ltr'><strong>sed</strong></span> <span class='ocrx_word' id='word_1_175' title='bbox 919 3554 1026 3629; x_wconf 89' lang='lat' dir='ltr'><strong>etiam</strong></span> <span class='ocrx_word' id='word_1_176' title='bbox 1055 3555 1116 3631; x_wconf 90' lang='lat' dir='ltr'><strong>ubi</strong></span> <span class='ocrx_word' id='word_1_177' title='bbox 1140 3583 1218 3633; x_wconf 87' lang='lat' dir='ltr'><strong>cor·</strong></span> <span class='ocrx_word' id='word_1_178' title='bbox 1297 3578 1299 3583; x_wconf 82' lang='lat'>·</span> 
     </span>
     <span class='ocr_line' id='line_1_27' title="bbox 111 3685 1218 3792; baseline -0.004 -27"><span class='ocrx_word' id='word_1_179' title='bbox 111 3701 240 3792; x_wconf 88' lang='lat' dir='ltr'><strong>ruptus</strong></span> <span class='ocrx_word' id='word_1_180' title='bbox 266 3701 352 3780; x_wconf 91' lang='lat' dir='ltr'><strong>erat,</strong></span> <span class='ocrx_word' id='word_1_181' title='bbox 376 3692 424 3765; x_wconf 91' lang='lat' dir='ltr'><strong>ita</strong></span> <span class='ocrx_word' id='word_1_182' title='bbox 449 3688 683 3776; x_wconf 88' lang='lat' dir='ltr'><strong>emendarem,</strong></span> <span class='ocrx_word' id='word_1_183' title='bbox 707 3696 749 3760; x_wconf 90' lang='lat' dir='ltr'><strong>ut</strong></span> <span class='ocrx_word' id='word_1_184' title='bbox 769 3686 905 3759; x_wconf 88' lang='lat' dir='ltr'><strong>Zenum</strong></span> <span class='ocrx_word' id='word_1_185' title='bbox 931 3685 1121 3785; x_wconf 87' lang='lat' dir='ltr'><strong>scripsisse</strong></span> <span class='ocrx_word' id='word_1_186' title='bbox 1136 3714 1218 3787; x_wconf 91' lang='lat' dir='ltr'><strong>pro-</strong></span> 
     </span>
     <span class='ocr_line' id='line_1_28' title="bbox 98 3816 1308 3927; baseline -0.007 -24"><span class='ocrx_word' id='word_1_187' title='bbox 98 3823 232 3903; x_wconf 76' lang='lat' dir='ltr'><strong>‚babile</strong></span> <span class='ocrx_word' id='word_1_188' title='bbox 257 3833 321 3898; x_wconf 85' lang='lat' dir='ltr'><strong>est</strong></span> <span class='ocrx_word' id='word_1_189' title='bbox 370 3823 412 3896; x_wconf 92' lang='lat' dir='ltr'><strong>In</strong></span> <span class='ocrx_word' id='word_1_190' title='bbox 446 3820 662 3896; x_wconf 83' lang='lat' dir='ltr'><strong>removendo</strong></span> <span class='ocrx_word' id='word_1_191' title='bbox 693 3817 763 3891; x_wconf 91' lang='lat' dir='ltr'><strong>hoc</strong></span> <span class='ocrx_word' id='word_1_192' title='bbox 793 3816 929 3916; x_wconf 82' lang='lat' dir='ltr'><strong>ingenti</strong></span> <span class='ocrx_word' id='word_1_193' title='bbox 957 3816 1124 3925; x_wconf 58' lang='lat' dir='ltr'><strong>mitiorum</strong></span> <span class='ocrx_word' id='word_1_194' title='bbox 1152 3845 1220 3895; x_wconf 81' lang='lat' dir='ltr'><strong>rru-</strong></span> <span class='ocrx_word' id='word_1_195' title='bbox 1306 3922 1308 3927; x_wconf 6' lang='grc' dir='ltr'><strong>ἲ</strong></span> 
     </span>
     <span class='ocr_line' id='line_1_29' title="bbox 111 3948 1216 4054; baseline 0.001 -25"><span class='ocrx_word' id='word_1_196' title='bbox 111 3981 224 4045; x_wconf 88' lang='lat' dir='ltr'><strong>mero,</strong></span> <span class='ocrx_word' id='word_1_197' title='bbox 248 3964 422 4054; x_wconf 89' lang='lat' dir='ltr'><strong>perpetuo</strong></span> <span class='ocrx_word' id='word_1_198' title='bbox 449 3951 736 4053; x_wconf 81' lang='lat' dir='ltr'><strong>orthographiam</strong></span> <span class='ocrx_word' id='word_1_199' title='bbox 759 3949 866 4023; x_wconf 87' lang='lat' dir='ltr'><strong>hodie</strong></span> <span class='ocrx_word' id='word_1_200' title='bbox 888 3948 1054 4022; x_wconf 86' lang='lat' dir='ltr'><strong>usitatam</strong></span> <span class='ocrx_word' id='word_1_201' title='bbox 1069 3948 1216 4030; x_wconf 81' lang='lat' dir='ltr'><strong>seculus</strong></span> 
     </span>
     <span class='ocr_line' id='line_1_30' title="bbox 112 4079 1218 4185; baseline -0.009 -22"><span class='ocrx_word' id='word_1_202' title='bbox 112 4114 203 4163; x_wconf 91' lang='lat' dir='ltr'><strong>sum.</strong></span> <span class='ocrx_word' id='word_1_203' title='bbox 253 4085 311 4160; x_wconf 92' lang='lat' dir='ltr'><strong>Ne</strong></span> <span class='ocrx_word' id='word_1_204' title='bbox 337 4087 418 4185; x_wconf 86' lang='lat' dir='ltr'><strong>quis</strong></span> <span class='ocrx_word' id='word_1_205' title='bbox 443 4110 530 4159; x_wconf 84' lang='lat' dir='ltr'><strong>vero</strong></span> <span class='ocrx_word' id='word_1_206' title='bbox 555 4084 664 4173; x_wconf 88' lang='lat' dir='ltr'><strong>dicat,</strong></span> <span class='ocrx_word' id='word_1_207' title='bbox 692 4081 865 4182; x_wconf 85' lang='lat' dir='ltr'><strong>quaedam</strong></span> <span class='ocrx_word' id='word_1_208' title='bbox 890 4079 1087 4178; x_wconf 87' lang='lat' dir='ltr'><strong>scripturae</strong></span> <span class='ocrx_word' id='word_1_209' title='bbox 1119 4106 1218 4153; x_wconf 88' lang='lat' dir='ltr'><strong>mon-</strong></span> 
     </span>
     <span class='ocr_line' id='line_1_31' title="bbox 113 4209 1216 4309; baseline -0.011 -14"><span class='ocrx_word' id='word_1_210' title='bbox 113 4229 190 4295; x_wconf 76' lang='lat' dir='ltr'><strong>stra</strong></span> <span class='ocrx_word' id='word_1_211' title='bbox 216 4217 389 4297; x_wconf 87' lang='lat' dir='ltr'><strong>servanda</strong></span> <span class='ocrx_word' id='word_1_212' title='bbox 414 4216 542 4306; x_wconf 85' lang='lat' dir='ltr'><strong>luisse,</strong></span> <span class='ocrx_word' id='word_1_213' title='bbox 565 4226 607 4290; x_wconf 86' lang='lat' dir='ltr'><strong>ut</strong></span> <span class='ocrx_word' id='word_1_214' title='bbox 630 4221 795 4294; x_wconf 87' lang='lat' dir='ltr'><strong>vetustus</strong></span> <span class='ocrx_word' id='word_1_215' title='bbox 822 4211 965 4308; x_wconf 86' lang='lat' dir='ltr'><strong>qnidam</strong></span> <span class='ocrx_word' id='word_1_216' title='bbox 990 4209 1087 4284; x_wconf 89' lang='lat' dir='ltr'><strong>oolor</strong></span> <span class='ocrx_word' id='word_1_217' title='bbox 1111 4235 1216 4309; x_wconf 86' lang='lat' dir='ltr'><strong>oppa-</strong></span> 
     </span>
    </p>
   </div>
   <div class='ocr_carea' id='block_1_3' title="bbox 0 0 1346 4740">
    <p class='ocr_par' dir='ltr' id='par_1_3' title="bbox 0 0 1346 4740">
     <span class='ocr_line' id='line_1_32' title="bbox 0 0 1346 4740; baseline 0 0"><span class='ocrx_word' id='word_1_218' title='bbox 0 0 1346 4740; x_wconf 95' lang='lat' dir='ltr'><strong> </strong></span> 
     </span>
    </p>
   </div>
  </div>
 </body>
</html>
