<?xml version="1.0" encoding="UTF-8"?>
<!DOCTYPE html PUBLIC "-//W3C//DTD XHTML 1.0 Transitional//EN"
    "http://www.w3.org/TR/xhtml1/DTD/xhtml1-transitional.dtd">
<html xmlns="http://www.w3.org/1999/xhtml" xml:lang="en" lang="en">
 <head>
  <title>
</title>
<meta http-equiv="Content-Type" content="text/html;charset=utf-8" />
  <meta name='ocr-system' content='tesseract 3.04.00' />
  <meta name='ocr-capabilities' content='ocr_page ocr_carea ocr_par ocr_line ocrx_word'/>
</head>
<body>
  <div class='ocr_page' id='page_1' title='image "./demetriizenipar00mullgoog_0042.png"; bbox 0 0 2684 4740; ppageno 0'>
   <div class='ocr_carea' id='block_1_1' title="bbox 1077 246 1176 301">
    <p class='ocr_par' dir='ltr' id='par_1_1' title="bbox 1077 246 1176 301">
     <span class='ocr_line' id='line_1_1' title="bbox 1077 246 1176 301; baseline 0.02 -2"><span class='ocrx_word' id='word_1_1' title='bbox 1077 246 1176 301; x_wconf 77' lang='lat' dir='ltr'>XXXV</span> 
     </span>
    </p>
   </div>
   <div class='ocr_carea' id='block_1_2' title="bbox 32 405 1293 2342">
    <p class='ocr_par' dir='ltr' id='par_1_2' title="bbox 32 405 1293 2342">
     <span class='ocr_line' id='line_1_2' title="bbox 68 405 1293 508; baseline 0.01 -27"><span class='ocrx_word' id='word_1_2' title='bbox 68 405 396 508; x_wconf 86' lang='lat' dir='ltr'>cultatelegendos</span> <span class='ocrx_word' id='word_1_3' title='bbox 423 409 586 484; x_wconf 89' lang='lat' dir='ltr'>omnibus</span> <span class='ocrx_word' id='word_1_4' title='bbox 616 408 891 488; x_wconf 85' lang='lat' dir='ltr'>ita&#39;necessaria</span> <span class='ocrx_word' id='word_1_5' title='bbox 920 413 1076 492; x_wconf 83' lang='lat' dir='ltr'>novitiae</span> <span class='ocrx_word' id='word_1_6' title='bbox 1106 416 1172 491; x_wconf 89' lang='lat' dir='ltr'>lin·</span> <span class='ocrx_word' id='word_1_7' title='bbox 1288 457 1293 466; x_wconf 78' lang='grc'><em>·</em></span> 
     </span>
     <span class='ocr_line' id='line_1_3' title="bbox 67 540 1173 648; baseline 0.009 -36"><span class='ocrx_word' id='word_1_8' title='bbox 67 566 158 639; x_wconf 91' lang='lat' dir='ltr'>guae</span> <span class='ocrx_word' id='word_1_9' title='bbox 188 540 338 635; x_wconf 84' lang='lat' dir='ltr'>scientia</span> <span class='ocrx_word' id='word_1_10' title='bbox 369 550 439 632; x_wconf 89' lang='lat' dir='ltr'>est,</span> <span class='ocrx_word' id='word_1_11' title='bbox 469 551 511 615; x_wconf 90' lang='lat' dir='ltr'>ut</span> <span class='ocrx_word' id='word_1_12' title='bbox 536 544 612 639; x_wconf 89' lang='lat' dir='ltr'>ejus</span> <span class='ocrx_word' id='word_1_13' title='bbox 636 541 811 643; x_wconf 84' lang='lat' dir='ltr'>ignoratio</span> <span class='ocrx_word' id='word_1_14' title='bbox 843 571 924 620; x_wconf 91' lang='lat' dir='ltr'>cum</span> <span class='ocrx_word' id='word_1_15' title='bbox 952 570 1082 648; x_wconf 86' lang='lat' dir='ltr'>magno</span> <span class='ocrx_word' id='word_1_16' title='bbox 1112 547 1173 622; x_wconf 90' lang='lat' dir='ltr'>de·</span> 
     </span>
     <span class='ocr_line' id='line_1_4' title="bbox 32 647 1173 771; baseline 0.01 -28"><span class='ocrx_word' id='word_1_17' title='bbox 32 671 235 746; x_wconf 75' lang='lat' dir='ltr'>,trimcnto</span> <span class='ocrx_word' id='word_1_18' title='bbox 261 673 448 771; x_wconf 90' lang='lat' dir='ltr'>conjuncta</span> <span class='ocrx_word' id='word_1_19' title='bbox 473 672 531 748; x_wconf 87' lang='lat' dir='ltr'>sit</span> <span class='ocrx_word' id='word_1_20' title='bbox 580 673 701 749; x_wconf 89' lang='lat' dir='ltr'>Primo</span> <span class='ocrx_word' id='word_1_21' title='bbox 725 673 805 749; x_wconf 92' lang='lat' dir='ltr'>loco</span> <span class='ocrx_word' id='word_1_22' title='bbox 830 647 886 750; x_wconf 81' lang='lat' dir='ltr'>de¹</span> <span class='ocrx_word' id='word_1_23' title='bbox 900 676 1103 753; x_wconf 87' lang='lat' dir='ltr'>scholiastis</span> <span class='ocrx_word' id='word_1_24' title='bbox 1134 689 1173 754; x_wconf 89' lang='lat' dir='ltr'>et</span> 
     </span>
     <span class='ocr_line' id='line_1_5' title="bbox 39 800 1169 910; baseline 0.011 -36"><span class='ocrx_word' id='word_1_25' title='bbox 39 800 485 910; x_wconf 21' lang='lat' dir='ltr'>&#39;hypomnematographis</span> <span class='ocrx_word' id='word_1_26' title='bbox 522 803 657 904; x_wconf 89' lang='lat' dir='ltr'>loquar.</span> <span class='ocrx_word' id='word_1_27' title='bbox 713 806 877 905; x_wconf 85' lang='lat' dir='ltr'>Quorum</span> <span class='ocrx_word' id='word_1_28' title='bbox 914 807 1021 883; x_wconf 88' lang='lat' dir='ltr'>lectio</span> <span class='ocrx_word' id='word_1_29' title='bbox 1059 836 1169 910; x_wconf 90' lang='lat' dir='ltr'>quum</span> 
     </span>
     <span class='ocr_line' id='line_1_6' title="bbox 62 933 1169 1038; baseline 0.007 -31"><span class='ocrx_word' id='word_1_30' title='bbox 62 933 251 1008; x_wconf 83' lang='lat' dir='ltr'>utilissima</span> <span class='ocrx_word' id='word_1_31' title='bbox 277 936 467 1036; x_wconf 88' lang='lat' dir='ltr'>philologis</span> <span class='ocrx_word' id='word_1_32' title='bbox 493 938 636 1010; x_wconf 89' lang='lat' dir='ltr'>sitnon</span> <span class='ocrx_word' id='word_1_33' title='bbox 662 937 768 1011; x_wconf 93' lang='lat' dir='ltr'>modo</span> <span class='ocrx_word' id='word_1_34' title='bbox 794 938 839 1012; x_wconf 93' lang='lat' dir='ltr'>ad</span> <span class='ocrx_word' id='word_1_35' title='bbox 863 938 971 1029; x_wconf 91' lang='lat' dir='ltr'>illum,</span> <span class='ocrx_word' id='word_1_36' title='bbox 990 938 1052 1038; x_wconf 92' lang='lat' dir='ltr'>qui</span> <span class='ocrx_word' id='word_1_37' title='bbox 1077 939 1169 1015; x_wconf 82' lang='lat' dir='ltr'>lorte</span> 
     </span>
     <span class='ocr_line' id='line_1_7' title="bbox 62 1063 1168 1168; baseline 0.006 -30"><span class='ocrx_word' id='word_1_38' title='bbox 62 1063 269 1165; x_wconf 79' lang='lat' dir='ltr'><strong>explicatur,</strong></span> <span class='ocrx_word' id='word_1_39' title='bbox 294 1079 475 1143; x_wconf 81' lang='lat' dir='ltr'><strong>auctorem</strong></span> <span class='ocrx_word' id='word_1_40' title='bbox 498 1077 598 1142; x_wconf 89' lang='lat' dir='ltr'>recte</span> <span class='ocrx_word' id='word_1_41' title='bbox 624 1067 883 1168; x_wconf 88' lang='lat' dir='ltr'>accipiendum,</span> <span class='ocrx_word' id='word_1_42' title='bbox 914 1069 980 1142; x_wconf 90' lang='lat' dir='ltr'>scd</span> <span class='ocrx_word' id='word_1_43' title='bbox 1009 1068 1055 1140; x_wconf 90' lang='lat' dir='ltr'>ad</span> <span class='ocrx_word' id='word_1_44' title='bbox 1085 1069 1168 1145; x_wconf 89' lang='lat' dir='ltr'>alio·</span> 
     </span>
     <span class='ocr_line' id='line_1_8' title="bbox 60 1184 1168 1298; baseline 0.003 -28"><span class='ocrx_word' id='word_1_45' title='bbox 60 1222 141 1270; x_wconf 91' lang='lat' dir='ltr'>rum</span> <span class='ocrx_word' id='word_1_46' title='bbox 167 1198 271 1271; x_wconf 91' lang='lat' dir='ltr'>etiam</span> <span class='ocrx_word' id='word_1_47' title='bbox 297 1184 513 1298; x_wconf 80' lang='lat' dir='ltr'>scriptorum</span> <span class='ocrx_word' id='word_1_48' title='bbox 537 1198 636 1271; x_wconf 90' lang='lat' dir='ltr'>locos</span> <span class='ocrx_word' id='word_1_49' title='bbox 660 1194 926 1296; x_wconf 86' lang='lat' dir='ltr'>intelligendos,</span> <span class='ocrx_word' id='word_1_50' title='bbox 959 1197 1021 1295; x_wconf 92' lang='lat' dir='ltr'>qui</span> <span class='ocrx_word' id='word_1_51' title='bbox 1046 1222 1168 1298; x_wconf 89' lang='lat' dir='ltr'>saepe·</span> 
     </span>
     <span class='ocr_line' id='line_1_9' title="bbox 62 1316 1170 1428; baseline 0.006 -30"><span class='ocrx_word' id='word_1_52' title='bbox 62 1351 213 1400; x_wconf 89' lang='lat' dir='ltr'>numero</span> <span class='ocrx_word' id='word_1_53' title='bbox 239 1328 352 1428; x_wconf 91' lang='lat' dir='ltr'>ipsius</span> <span class='ocrx_word' id='word_1_54' title='bbox 385 1316 540 1401; x_wconf 84' lang='lat' dir='ltr'>auctoris</span> <span class='ocrx_word' id='word_1_55' title='bbox 572 1326 715 1400; x_wconf 90' lang='lat' dir='ltr'>nomine</span> <span class='ocrx_word' id='word_1_56' title='bbox 740 1351 936 1427; x_wconf 87' lang='lat' dir='ltr'>suppresso</span> <span class='ocrx_word' id='word_1_57' title='bbox 965 1328 1170 1405; x_wconf 70' lang='lat' dir='ltr'><strong>memoriter</strong></span> 
     </span>
     <span class='ocr_line' id='line_1_10' title="bbox 61 1456 1170 1560; baseline 0.007 -32"><span class='ocrx_word' id='word_1_58' title='bbox 61 1456 233 1531; x_wconf 78' lang='lat' dir='ltr'>citantur:</span> <span class='ocrx_word' id='word_1_59' title='bbox 259 1457 450 1532; x_wconf 90' lang='lat' dir='ltr'>dolendum</span> <span class='ocrx_word' id='word_1_60' title='bbox 477 1468 542 1547; x_wconf 82' lang='lat' dir='ltr'>est,</span> <span class='ocrx_word' id='word_1_61' title='bbox 567 1483 701 1558; x_wconf 90' lang='lat' dir='ltr'>paucos</span> <span class='ocrx_word' id='word_1_62' title='bbox 734 1457 883 1534; x_wconf 83' lang='lat' dir='ltr'><strong>edendis</strong></span> <span class='ocrx_word' id='word_1_63' title='bbox 916 1459 1170 1560; x_wconf 87' lang='lat' dir='ltr'>expurgandis·</span> 
     </span>
     <span class='ocr_line' id='line_1_11' title="bbox 61 1587 1165 1685; baseline 0.005 -26"><span class='ocrx_word' id='word_1_64' title='bbox 61 1613 134 1685; x_wconf 94' lang='lat' dir='ltr'>que</span> <span class='ocrx_word' id='word_1_65' title='bbox 164 1587 221 1664; x_wconf 90' lang='lat' dir='ltr'>his</span> <span class='ocrx_word' id='word_1_66' title='bbox 253 1588 472 1664; x_wconf 88' lang='lat' dir='ltr'>Graecorum</span> <span class='ocrx_word' id='word_1_67' title='bbox 502 1589 790 1664; x_wconf 76' lang='lat' dir='ltr'>adnotationibus</span> <span class='ocrx_word' id='word_1_68' title='bbox 828 1600 866 1666; x_wconf 93' lang='lat' dir='ltr'>et</span> <span class='ocrx_word' id='word_1_69' title='bbox 904 1591 1165 1666; x_wconf 88' lang='lat' dir='ltr'>commentariis</span> 
     </span>
     <span class='ocr_line' id='line_1_12' title="bbox 58 1720 1167 1801; baseline 0.01 -11"><span class='ocrx_word' id='word_1_70' title='bbox 58 1744 201 1793; x_wconf 88' lang='lat' dir='ltr'>manum</span> <span class='ocrx_word' id='word_1_71' title='bbox 241 1721 452 1796; x_wconf 87' lang='lat' dir='ltr'>admovisse.</span> <span class='ocrx_word' id='word_1_72' title='bbox 519 1720 571 1799; x_wconf 83' lang='lat' dir='ltr'>At</span> <span class='ocrx_word' id='word_1_73' title='bbox 609 1720 714 1795; x_wconf 82' lang='lat' dir='ltr'>valde</span> <span class='ocrx_word' id='word_1_74' title='bbox 749 1722 859 1795; x_wconf 89' lang='lat' dir='ltr'>distat</span> <span class='ocrx_word' id='word_1_75' title='bbox 895 1720 1167 1801; x_wconf 85' lang='lat' dir='ltr'>scholiastarum</span> 
     </span>
     <span class='ocr_line' id='line_1_13' title="bbox 60 1849 1166 1951; baseline 0.006 -27"><span class='ocrx_word' id='word_1_76' title='bbox 60 1850 240 1924; x_wconf 87' lang='lat' dir='ltr'>scribendi</span> <span class='ocrx_word' id='word_1_77' title='bbox 266 1876 379 1950; x_wconf 89' lang='lat' dir='ltr'>genus</span> <span class='ocrx_word' id='word_1_78' title='bbox 406 1877 425 1922; x_wconf 92' lang='lat' dir='ltr'>a</span> <span class='ocrx_word' id='word_1_79' title='bbox 450 1849 613 1926; x_wconf 86' lang='lat' dir='ltr'>florentis</span> <span class='ocrx_word' id='word_1_80' title='bbox 636 1851 715 1926; x_wconf 82' lang='lat' dir='ltr'>aevi</span> <span class='ocrx_word' id='word_1_81' title='bbox 732 1851 935 1951; x_wconf 82' lang='lat' dir='ltr'>graecitate.</span> <span class='ocrx_word' id='word_1_82' title='bbox 987 1849 1110 1951; x_wconf 84' lang='lat' dir='ltr'>Quare</span> <span class='ocrx_word' id='word_1_83' title='bbox 1128 1854 1166 1931; x_wconf 87' lang='lat' dir='ltr'>in</span> 
     </span>
     <span class='ocr_line' id='line_1_14' title="bbox 57 1979 1165 2082; baseline 0.005 -29"><span class='ocrx_word' id='word_1_84' title='bbox 57 1981 187 2056; x_wconf 90' lang='lat' dir='ltr'>horum</span> <span class='ocrx_word' id='word_1_85' title='bbox 216 1979 387 2082; x_wconf 87' lang='lat' dir='ltr'>loquendi</span> <span class='ocrx_word' id='word_1_86' title='bbox 416 1979 576 2056; x_wconf 86' lang='lat' dir='ltr'>formulis</span> <span class='ocrx_word' id='word_1_87' title='bbox 607 1982 786 2059; x_wconf 90' lang='lat' dir='ltr'>interdum</span> <span class='ocrx_word' id='word_1_88' title='bbox 819 1982 926 2056; x_wconf 89' lang='lat' dir='ltr'>etiam</span> <span class='ocrx_word' id='word_1_89' title='bbox 951 2008 1078 2082; x_wconf 80' lang='lat' dir='ltr'>graece</span> <span class='ocrx_word' id='word_1_90' title='bbox 1103 1983 1165 2058; x_wconf 90' lang='lat' dir='ltr'>do·</span> 
     </span>
     <span class='ocr_line' id='line_1_15' title="bbox 58 2110 1165 2213; baseline 0.003 -28"><span class='ocrx_word' id='word_1_91' title='bbox 58 2122 139 2186; x_wconf 92' lang='lat' dir='ltr'>ctos</span> <span class='ocrx_word' id='word_1_92' title='bbox 164 2112 326 2186; x_wconf 88' lang='lat' dir='ltr'>homines</span> <span class='ocrx_word' id='word_1_93' title='bbox 352 2110 525 2201; x_wconf 77' lang='lat' dir='ltr'>haesisse,</span> <span class='ocrx_word' id='word_1_94' title='bbox 548 2112 677 2186; x_wconf 90' lang='lat' dir='ltr'>merito</span> <span class='ocrx_word' id='word_1_95' title='bbox 702 2113 752 2185; x_wconf 90' lang='lat' dir='ltr'>ait</span> <span class='ocrx_word' id='word_1_96' title='bbox 775 2112 966 2186; x_wconf 87' lang='lat' dir='ltr'>Ernestius</span> <span class='ocrx_word' id='word_1_97' title='bbox 996 2114 1035 2185; x_wconf 92' lang='lat' dir='ltr'>in</span> <span class='ocrx_word' id='word_1_98' title='bbox 1064 2141 1165 2213; x_wconf 89' lang='lat' dir='ltr'>prae-</span> 
     </span>
     <span class='ocr_line' id='line_1_16' title="bbox 58 2240 1165 2342; baseline 0.002 -25"><span class='ocrx_word' id='word_1_99' title='bbox 58 2243 193 2317; x_wconf 84' lang='lat' dir='ltr'>latione</span> <span class='ocrx_word' id='word_1_100' title='bbox 218 2242 263 2314; x_wconf 93' lang='lat' dir='ltr'>ad</span> <span class='ocrx_word' id='word_1_101' title='bbox 287 2242 540 2342; x_wconf 80' lang='lat' dir='ltr'>Aristophanis</span> <span class='ocrx_word' id='word_1_102' title='bbox 565 2243 689 2316; x_wconf 90' lang='lat' dir='ltr'>nubes.</span> <span class='ocrx_word' id='word_1_103' title='bbox 740 2240 900 2317; x_wconf 89' lang='lat' dir='ltr'>Omnino</span> <span class='ocrx_word' id='word_1_104' title='bbox 919 2250 1037 2315; x_wconf 87' lang='lat' dir='ltr'>autem</span> <span class='ocrx_word' id='word_1_105' title='bbox 1056 2242 1165 2319; x_wconf 87' lang='lat' dir='ltr'>dictio</span> 
     </span>
    </p>
   </div>
   <div class='ocr_carea' id='block_1_3' title="bbox 59 2370 1165 2579">
    <p class='ocr_par' dir='ltr' id='par_1_3' title="bbox 59 2370 1165 2579">
     <span class='ocr_line' id='line_1_17' title="bbox 59 2370 1165 2579; baseline 0.005 -133"><span class='ocrx_word' id='word_1_106' title='bbox 59 2371 340 2579; x_wconf 59' lang='lat' dir='ltr'>scholiasstarum,</span> <span class='ocrx_word' id='word_1_107' title='bbox 365 2373 428 2473; x_wconf 91' lang='lat' dir='ltr'>qui</span> <span class='ocrx_word' id='word_1_108' title='bbox 452 2371 739 2473; x_wconf 85' lang='lat' dir='ltr'>Aristophanem,</span> <span class='ocrx_word' id='word_1_109' title='bbox 769 2370 1000 2473; x_wconf 77' lang='lat' dir='ltr'>Aeschylum,</span> <span class='ocrx_word' id='word_1_110' title='bbox 1024 2373 1165 2476; x_wconf 91' lang='lat' dir='ltr'>Sopho-</span> 
     </span>
    </p>
   </div>
   <div class='ocr_carea' id='block_1_4' title="bbox 57 2503 1163 2606">
    <p class='ocr_par' dir='ltr' id='par_1_4' title="bbox 57 2503 1163 2606">
     <span class='ocr_line' id='line_1_18' title="bbox 57 2503 1163 2606; baseline 0.003 -28"><span class='ocrx_word' id='word_1_111' title='bbox 57 2504 160 2594; x_wconf 86' lang='lat' dir='ltr'>clem,</span> <span class='ocrx_word' id='word_1_112' title='bbox 220 2504 402 2606; x_wconf 87' lang='lat' dir='ltr'>uripidem,</span> <span class='ocrx_word' id='word_1_113' title='bbox 426 2503 632 2591; x_wconf 86' lang='lat' dir='ltr'>Pindarum,</span> <span class='ocrx_word' id='word_1_114' title='bbox 648 2504 854 2595; x_wconf 85' lang='lat' dir='ltr'>Homerum,</span> <span class='ocrx_word' id='word_1_115' title='bbox 876 2503 1163 2606; x_wconf 88' lang='lat' dir='ltr'>Lycophronem‚</span> 
     </span>
    </p>
   </div>
   <div class='ocr_carea' id='block_1_5' title="bbox 56 2636 1164 2864">
    <p class='ocr_par' dir='ltr' id='par_1_5' title="bbox 56 2636 1164 2864">
     <span class='ocr_line' id='line_1_19' title="bbox 56 2636 1162 2737; baseline 0.002 -26"><span class='ocrx_word' id='word_1_116' title='bbox 56 2636 277 2737; x_wconf 85' lang='lat' dir='ltr'>Nicandrum</span> <span class='ocrx_word' id='word_1_117' title='bbox 303 2637 464 2736; x_wconf 88' lang='lat' dir='ltr'>aliosque</span> <span class='ocrx_word' id='word_1_118' title='bbox 489 2636 685 2734; x_wconf 80' lang='lat' dir='ltr'>scriptores</span> <span class='ocrx_word' id='word_1_119' title='bbox 711 2636 954 2733; x_wconf 85' lang='lat' dir='ltr'>explanarunt,</span> <span class='ocrx_word' id='word_1_120' title='bbox 987 2638 1162 2733; x_wconf 88' lang='lat' dir='ltr'>ejusmodi</span> 
     </span>
     <span class='ocr_line' id='line_1_20' title="bbox 57 2754 1164 2864; baseline -0.005 -22"><span class='ocrx_word' id='word_1_121' title='bbox 57 2778 126 2854; x_wconf 85' lang='lat' dir='ltr'>est,</span> <span class='ocrx_word' id='word_1_122' title='bbox 151 2778 193 2839; x_wconf 92' lang='lat' dir='ltr'>ut</span> <span class='ocrx_word' id='word_1_123' title='bbox 216 2777 365 2864; x_wconf 90' lang='lat' dir='ltr'>propter</span> <span class='ocrx_word' id='word_1_124' title='bbox 380 2763 632 2840; x_wconf 85' lang='lat' dir='ltr'>vocabulorum</span> <span class='ocrx_word' id='word_1_125' title='bbox 651 2773 687 2834; x_wconf 89' lang='lat' dir='ltr'>et</span> <span class='ocrx_word' id='word_1_126' title='bbox 704 2754 886 2860; x_wconf 81' lang='lat' dir='ltr'>phrasium</span> <span class='ocrx_word' id='word_1_127' title='bbox 901 2761 1164 2841; x_wconf 87' lang='lat' dir='ltr'>multitudinem</span> 
     </span>
    </p>
   </div>
   <div class='ocr_carea' id='block_1_6' title="bbox 56 2892 1231 4182">
    <p class='ocr_par' dir='ltr' id='par_1_6' title="bbox 56 2892 1231 4182">
     <span class='ocr_line' id='line_1_21' title="bbox 58 2892 1164 2996; baseline 0.001 -26"><span class='ocrx_word' id='word_1_128' title='bbox 58 2896 105 2970; x_wconf 91' lang='lat' dir='ltr'>ad</span> <span class='ocrx_word' id='word_1_129' title='bbox 130 2895 304 2970; x_wconf 80' lang='lat' dir='ltr'>inferioris</span> <span class='ocrx_word' id='word_1_130' title='bbox 331 2896 457 2970; x_wconf 88' lang='lat' dir='ltr'>aetatis</span> <span class='ocrx_word' id='word_1_131' title='bbox 488 2894 715 2996; x_wconf 84' lang='lat' dir='ltr'>graecitatem</span> <span class='ocrx_word' id='word_1_132' title='bbox 745 2892 999 2993; x_wconf 89' lang='lat' dir='ltr'>pertinentium</span> <span class='ocrx_word' id='word_1_133' title='bbox 1031 2894 1076 2969; x_wconf 92' lang='lat' dir='ltr'>iis</span> <span class='ocrx_word' id='word_1_134' title='bbox 1107 2922 1164 2971; x_wconf 85' lang='lat' dir='ltr'>ca·</span> 
     </span>
     <span class='ocr_line' id='line_1_22' title="bbox 56 3020 1231 3130; baseline 0 -28"><span class='ocrx_word' id='word_1_135' title='bbox 56 3037 123 3130; x_wconf 87' lang='lat' dir='ltr'>ptu</span> <span class='ocrx_word' id='word_1_136' title='bbox 148 3026 299 3102; x_wconf 86' lang='lat' dir='ltr'>difficilis</span> <span class='ocrx_word' id='word_1_137' title='bbox 324 3029 497 3114; x_wconf 86' lang='lat' dir='ltr'>videatur,</span> <span class='ocrx_word' id='word_1_138' title='bbox 524 3026 587 3126; x_wconf 92' lang='lat' dir='ltr'>qui</span> <span class='ocrx_word' id='word_1_139' title='bbox 612 3026 687 3100; x_wconf 89' lang='lat' dir='ltr'>sola</span> <span class='ocrx_word' id='word_1_140' title='bbox 713 3026 879 3126; x_wconf 90' lang='lat' dir='ltr'>antiquae</span> <span class='ocrx_word' id='word_1_141' title='bbox 896 3024 1069 3100; x_wconf 83' lang='lat' dir='ltr'>Graeciae</span> <span class='ocrx_word' id='word_1_142' title='bbox 1086 3054 1163 3110; x_wconf 83' lang='lat' dir='ltr'>mo-</span> <span class='ocrx_word' id='word_1_143' title='bbox 1228 3020 1231 3024; x_wconf 42' lang='lat'><em>⁷</em></span> 
     </span>
     <span class='ocr_line' id='line_1_23' title="bbox 56 3155 1161 3257; baseline -0.001 -24"><span class='ocrx_word' id='word_1_144' title='bbox 56 3169 224 3233; x_wconf 91' lang='lat' dir='ltr'>numenta</span> <span class='ocrx_word' id='word_1_145' title='bbox 247 3186 355 3234; x_wconf 92' lang='lat' dir='ltr'>manu</span> <span class='ocrx_word' id='word_1_146' title='bbox 379 3185 524 3236; x_wconf 87' lang='lat' dir='ltr'>versare</span> <span class='ocrx_word' id='word_1_147' title='bbox 549 3168 823 3235; x_wconf 85' lang='lat' dir='ltr'>consueverunt.</span> <span class='ocrx_word' id='word_1_148' title='bbox 879 3155 941 3232; x_wconf 90' lang='lat' dir='ltr'>Oh</span> <span class='ocrx_word' id='word_1_149' title='bbox 973 3159 1067 3231; x_wconf 91' lang='lat' dir='ltr'>hanc</span> <span class='ocrx_word' id='word_1_150' title='bbox 1096 3160 1161 3257; x_wconf 83' lang='lat' dir='ltr'>igi</span> 
     </span>
     <span class='ocr_line' id='line_1_24' title="bbox 56 3287 1162 3390; baseline -0.002 -25"><span class='ocrx_word' id='word_1_151' title='bbox 56 3302 118 3365; x_wconf 88' lang='lat' dir='ltr'>tur</span> <span class='ocrx_word' id='word_1_152' title='bbox 148 3291 324 3366; x_wconf 85' lang='lat' dir='ltr'>sermonis</span> <span class='ocrx_word' id='word_1_153' title='bbox 355 3291 615 3380; x_wconf 85' lang='lat' dir='ltr'>difficultatem,</span> <span class='ocrx_word' id='word_1_154' title='bbox 645 3315 738 3390; x_wconf 86' lang='lat' dir='ltr'>quae</span> <span class='ocrx_word' id='word_1_155' title='bbox 769 3287 892 3362; x_wconf 82' lang='lat' dir='ltr'>lexicis</span> <span class='ocrx_word' id='word_1_156' title='bbox 922 3289 1057 3363; x_wconf 90' lang='lat' dir='ltr'>nostris</span> <span class='ocrx_word' id='word_1_157' title='bbox 1088 3314 1162 3363; x_wconf 87' lang='lat' dir='ltr'>non</span> 
     </span>
     <span class='ocr_line' id='line_1_25' title="bbox 56 3419 1162 3525; baseline -0.005 -29"><span class='ocrx_word' id='word_1_158' title='bbox 56 3421 204 3512; x_wconf 87' lang='lat' dir='ltr'>tollitur,</span> <span class='ocrx_word' id='word_1_159' title='bbox 224 3433 261 3497; x_wconf 87' lang='lat' dir='ltr'>et</span> <span class='ocrx_word' id='word_1_160' title='bbox 285 3424 330 3498; x_wconf 92' lang='lat' dir='ltr'>ob</span> <span class='ocrx_word' id='word_1_161' title='bbox 355 3449 538 3525; x_wconf 90' lang='lat' dir='ltr'>nugarum,</span> <span class='ocrx_word' id='word_1_162' title='bbox 564 3448 656 3522; x_wconf 87' lang='lat' dir='ltr'>quae</span> <span class='ocrx_word' id='word_1_163' title='bbox 680 3422 718 3495; x_wconf 92' lang='lat' dir='ltr'>in</span> <span class='ocrx_word' id='word_1_164' title='bbox 734 3420 880 3499; x_wconf 88' lang='lat' dir='ltr'>scholiis</span> <span class='ocrx_word' id='word_1_165' title='bbox 897 3419 1072 3520; x_wconf 88' lang='lat' dir='ltr'>leguntur,</span> <span class='ocrx_word' id='word_1_166' title='bbox 1089 3444 1162 3492; x_wconf 91' lang='lat' dir='ltr'>non</span> 
     </span>
     <span class='ocr_line' id='line_1_26' title="bbox 58 3526 1181 3654; baseline -0.003 -27"><span class='ocrx_word' id='word_1_167' title='bbox 58 3555 222 3654; x_wconf 79' lang='lat' dir='ltr'>exiguum</span> <span class='ocrx_word' id='word_1_168' title='bbox 242 3581 424 3628; x_wconf 88' lang='lat' dir='ltr'>numerum</span> <span class='ocrx_word' id='word_1_169' title='bbox 444 3554 546 3629; x_wconf 89' lang='lat' dir='ltr'>multi</span> <span class='ocrx_word' id='word_1_170' title='bbox 559 3550 769 3629; x_wconf 80' lang='lat' dir='ltr'>scholiastae</span> <span class='ocrx_word' id='word_1_171' title='bbox 788 3552 969 3654; x_wconf 86' lang='lat' dir='ltr'>negligere</span> <span class='ocrx_word' id='word_1_172' title='bbox 986 3576 1093 3650; x_wconf 90' lang='lat' dir='ltr'>quam</span> <span class='ocrx_word' id='word_1_173' title='bbox 1111 3526 1181 3642; x_wconf 32' lang='lat' dir='ltr'>,le-³</span> 
     </span>
     <span class='ocr_line' id='line_1_27' title="bbox 58 3683 1161 3788; baseline -0.004 -30"><span class='ocrx_word' id='word_1_174' title='bbox 58 3711 142 3788; x_wconf 87' lang='lat' dir='ltr'>gere</span> <span class='ocrx_word' id='word_1_175' title='bbox 161 3684 302 3760; x_wconf 86' lang='lat' dir='ltr'>malunt.</span> <span class='ocrx_word' id='word_1_176' title='bbox 339 3685 473 3761; x_wconf 87' lang='lat' dir='ltr'>Verum</span> <span class='ocrx_word' id='word_1_177' title='bbox 499 3711 589 3784; x_wconf 89' lang='lat' dir='ltr'>quae</span> <span class='ocrx_word' id='word_1_178' title='bbox 609 3685 652 3759; x_wconf 90' lang='lat' dir='ltr'>ad</span> <span class='ocrx_word' id='word_1_179' title='bbox 671 3712 738 3760; x_wconf 89' lang='lat' dir='ltr'>nos</span> <span class='ocrx_word' id='word_1_180' title='bbox 759 3694 999 3786; x_wconf 86' lang='lat' dir='ltr'>pervenerunt</span> <span class='ocrx_word' id='word_1_181' title='bbox 1015 3683 1161 3771; x_wconf 91' lang='lat' dir='ltr'>scholia,</span> 
     </span>
     <span class='ocr_line' id='line_1_28' title="bbox 56 3813 1160 3918; baseline -0.004 -28"><span class='ocrx_word' id='word_1_182' title='bbox 56 3817 143 3891; x_wconf 88' lang='lat' dir='ltr'>licet</span> <span class='ocrx_word' id='word_1_183' title='bbox 158 3818 310 3890; x_wconf 83' lang='lat' dir='ltr'>maxima</span> <span class='ocrx_word' id='word_1_184' title='bbox 325 3843 372 3890; x_wconf 83' lang='lat' dir='ltr'>ex</span> <span class='ocrx_word' id='word_1_185' title='bbox 387 3826 489 3918; x_wconf 86' lang='lat' dir='ltr'>parte</span> <span class='ocrx_word' id='word_1_186' title='bbox 504 3827 672 3916; x_wconf 84' lang='lat' dir='ltr'>excerpta</span> <span class='ocrx_word' id='word_1_187' title='bbox 690 3819 763 3891; x_wconf 85' lang='lat' dir='ltr'>sint</span> <span class='ocrx_word' id='word_1_188' title='bbox 780 3842 825 3888; x_wconf 81' lang='lat' dir='ltr'>ex</span> <span class='ocrx_word' id='word_1_189' title='bbox 843 3813 1160 3914; x_wconf 82' lang='lat' dir='ltr'>praestantissimis</span> 
     </span>
     <span class='ocr_line' id='line_1_29' title="bbox 59 3918 1163 4050; baseline -0.006 -28"><span class='ocrx_word' id='word_1_190' title='bbox 59 3949 256 4039; x_wconf 87' lang='lat' dir='ltr'>doctorum,</span> <span class='ocrx_word' id='word_1_191' title='bbox 268 3948 806 4050; x_wconf 84' lang='lat' dir='ltr'>quisutholemaeisvixerunt,</span> <span class='ocrx_word' id='word_1_192' title='bbox 815 3946 970 4023; x_wconf 77' lang='lat' dir='ltr'>virorum</span> <span class='ocrx_word' id='word_1_193' title='bbox 983 3918 1163 4018; x_wconf 81' lang='lat' dir='ltr'>commeri-</span> 
     </span>
     <span class='ocr_line' id='line_1_30' title="bbox 58 4076 1164 4182; baseline -0.007 -28"><span class='ocrx_word' id='word_1_194' title='bbox 58 4082 159 4156; x_wconf 90' lang='lat' dir='ltr'>tariis</span> <span class='ocrx_word' id='word_1_195' title='bbox 173 4092 292 4155; x_wconf 84' lang='lat' dir='ltr'>tamen</span> <span class='ocrx_word' id='word_1_196' title='bbox 307 4081 390 4182; x_wconf 91' lang='lat' dir='ltr'>quia</span> <span class='ocrx_word' id='word_1_197' title='bbox 407 4080 597 4154; x_wconf 86' lang='lat' dir='ltr'>admixtam</span> <span class='ocrx_word' id='word_1_198' title='bbox 614 4080 748 4155; x_wconf 89' lang='lat' dir='ltr'>habent</span> <span class='ocrx_word' id='word_1_199' title='bbox 765 4077 869 4153; x_wconf 90' lang='lat' dir='ltr'>medii</span> <span class='ocrx_word' id='word_1_200' title='bbox 890 4077 969 4154; x_wconf 82' lang='lat' dir='ltr'>aevi</span> <span class='ocrx_word' id='word_1_201' title='bbox 994 4076 1164 4150; x_wconf 83' lang='lat' dir='ltr'>salsarum</span> 
     </span>
    </p>
   </div>
   <div class='ocr_carea' id='block_1_7' title="bbox 60 4209 1164 4412">
    <p class='ocr_par' dir='ltr' id='par_1_7' title="bbox 60 4209 1164 4412">
     <span class='ocr_line' id='line_1_31' title="bbox 60 4209 1164 4331; baseline -0.01 -44"><span class='ocrx_word' id='word_1_202' title='bbox 60 4214 267 4314; x_wconf 84' lang='lat' dir='ltr'>opinionum</span> <span class='ocrx_word' id='word_1_203' title='bbox 280 4212 500 4316; x_wconf 78' lang='lat' dir='ltr'>farraginem,</span> <span class='ocrx_word' id='word_1_204' title='bbox 512 4238 600 4331; x_wconf 70' lang='lat' dir='ltr'>pum</span> <span class='ocrx_word' id='word_1_205' title='bbox 614 4212 746 4317; x_wconf 46' lang='lat' dir='ltr'>judicu</span> <span class='ocrx_word' id='word_1_206' title='bbox 764 4221 800 4286; x_wconf 88' lang='lat' dir='ltr'>et</span> <span class='ocrx_word' id='word_1_207' title='bbox 825 4209 997 4299; x_wconf 89' lang='lat' dir='ltr'>acumine,</span> <span class='ocrx_word' id='word_1_208' title='bbox 1021 4214 1063 4282; x_wconf 92' lang='lat' dir='ltr'>ut</span> <span class='ocrx_word' id='word_1_209' title='bbox 1080 4228 1164 4284; x_wconf 81' lang='lat' dir='ltr'>vera</span> 
     </span>
     <span class='ocr_line' id='line_1_32' title="bbox 813 4343 920 4412; baseline -0.009 -28"><span class='ocrx_word' id='word_1_210' title='bbox 813 4344 827 4376; x_wconf 74' lang='lat'>¹⁸⁸</span> <span class='ocrx_word' id='word_1_211' title='bbox 841 4348 855 4384; x_wconf 65' lang='lat' dir='ltr'>t</span> <span class='ocrx_word' id='word_1_212' title='bbox 870 4347 883 4383; x_wconf 68' lang='lat' dir='ltr'>tt</span> <span class='ocrx_word' id='word_1_213' title='bbox 897 4343 920 4412; x_wconf 49' lang='grc' dir='ltr'><strong>ᾖ</strong></span> 
     </span>
    </p>
   </div>
   <div class='ocr_carea' id='block_1_8' title="bbox 0 0 1346 4740">
    <p class='ocr_par' dir='ltr' id='par_1_8' title="bbox 0 0 1346 4740">
     <span class='ocr_line' id='line_1_33' title="bbox 0 0 1346 4740; baseline 0 2"><span class='ocrx_word' id='word_1_214' title='bbox 0 0 1346 4740; x_wconf 95' lang='lat' dir='ltr'> </span> 
     </span>
    </p>
   </div>
  </div>
 </body>
</html>
