2684 4740
1154 243 1226 293 XXV

119 431 201 480 rum
226 403 396 506 loquendi
422 405 717 485 consuetudinem
734 404 911 511 cognitam
929 406 1060 487 lrabeat
1076 436 1226 490 necesse

120 547 199 630 cst,
236 540 299 640 qui
330 540 509 614 difficilem
537 539 630 614 lianc
659 540 859 631 materiam,
888 544 991 643 cujus
1021 543 1166 618 memini
1189 544 1228 631 iu

120 669 363 746 Commentar.
387 672 432 747 ad
456 700 549 750 vers.
575 675 633 765 05,
658 683 756 748 recte
780 683 934 749 tractare
957 674 1045 751 vult.
1093 675 1226 779 Neque

119 801 240 879 minus
264 801 335 879 huc
357 809 539 907 pertinent
559 800 769 908 'synizcseos
792 804 908 909 leges,
940 807 986 881 de
1012 806 1143 908 quibus
1167 810 1226 913 egi

118 934 157 1008 in
184 933 423 1013 Commentar.
448 938 494 1014 ad
516 938 662 1042 Dialogi
685 965 778 1017 vers.
806 942 834 1013 1.
890 937 1012 1039 Quid?
1049 939 1147 1040 quod
1172 967 1225 1017 ar·

118 1067 269 1144 tificiosa
294 1071 484 1146 verborum
509 1098 716 1172 compages,
741 1071 788 1145 de
813 1096 885 1170 qua
909 1069 1141 1147 Grammatici
1162 1097 1226 1149 no·

119 1199 190 1273 stri
213 1201 409 1277 identidem
441 1203 681 1302 scripserunt,
714 1200 791 1276 sola
820 1200 1039 1274 Graecorum
1071 1227 1228 1301 pronun·

121 1330 272 1404 tiatione
304 1358 499 1434 eorumque
530 1331 691 1434 plebejae
721 1330 862 1433 linguae
892 1331 1096 1433 cognitione
1127 1345 1224 1411 recte

118 1461 421 1540 animadvertitur.
471 1465 571 1566 Quid
601 1465 693 1539 enim
719 1462 813 1538 aliud
844 1472 901 1539 est
925 1463 1119 1564 τύπτομαι
1148 1468 1225 1568 (ty-

117 1598 283 1696 ptomae)
303 1624 408 1697 quam
426 1597 553 1674 τύπτω
565 1629 629 1697 με,
648 1593 833 1674 romscot
845 1600 1040 1698 (typtesae
1058 1597 1102 1673 cl.
1117 1597 1224 1674 Com-

117 1736 227 1802 meut
258 1727 305 1802 ad
331 1757 365 1806 v.
390 1732 458 1826 35)
491 1754 597 1830 quam
627 1728 777 1816 relatrice
802 1756 857 1818 σε,
883 1726 1061 1805 τ’ύππεται
1086 1732 1224 1832 (typte-

117 1860 197 1954 tae)
224 1886 330 1959 quam
355 1857 602 1956 τύπτε-ι-(τ)
629 1855 657 1952 ἓ,
684 1861 850 1959 quoniam
876 1891 916 1934 αι
942 1869 979 1935 et
1003 1892 1019 1936 ε
1044 1859 1140 1962 apud
1163 1888 1225 1936 an-

116 1990 257 2091 tiquos,
285 1993 371 2067 licet
402 2003 604 2095 temporum
633 2001 813 2066 momenta
845 1991 1037 2084 distarent,
1069 1992 1222 2069 eundem

117 2131 238 2196 tamen
254 2149 381 2199 sonum
399 2127 556 2202 nativum
573 2124 761 2198 habebant.
809 2122 903 2196 llinc
920 2133 1029 2223 patet,
1051 2124 1224 2225 antiquis·

117 2253 249 2328 simum
280 2254 498 2329 Graecorum
523 2255 705 2356 passivum
734 2252 897 2355 periisse,
932 2279 1000 2328 nec
1030 2279 1223 2355 superesse

119 2387 198 2483 ejus
216 2383 400 2486 reliquias,
417 2388 488 2464 nisi
512 2386 683 2463 aoristum
707 2395 745 2462 et
760 2385 929 2478 futurum,
946 2396 1086 2462 caetera
1105 2389 1222 2465 omnia

116 2526 278 2618 tempora
303 2518 348 2593 ad
372 2521 526 2595 medium
552 2519 742 2622 pertinere,
769 2517 867 2620 quod
896 2518 934 2592 in
958 2523 1158 2621 praesentis
1184 2534 1222 2599 et

116 2651 298 2751 praeteriti
315 2654 488 2754 temporis
506 2653 629 2727 formis
648 2661 799 2750 excepto
816 2651 950 2724 aoristo
966 2663 1108 2750 practer
1119 2680 1221 2729 suum

115 2782 254 2882 passivi
272 2807 419 2879 quoque
434 2782 613 2882 deperditi
632 2779 925 2881 significationem
942 2781 1090 2879 accepit
1111 2781 1222 2883 Quod

116 2936 205 2986 vero
231 2910 276 2985 ad
299 2911 456 2986 loturum
481 2913 663 3015 passivum
688 2913 825 3002 attinet,
848 2909 934 2987 illud
955 2911 1143 2989 manifesta
1160 2941 1222 3016 pe-

115 3038 270 3145 riphrasi
295 3044 485 3133 conflatum
511 3057 567 3121 est
592 3072 637 3120 ex
660 3046 705 3122 iis
724 3044 895 3147 partibus,
921 3069 1012 3146 quas
1029 3048 1220 3147 separatim

115 3202 184 3251 suo
209 3203 308 3252 more
330 3189 495 3271 recentes
519 3179 649 3255 Graeci
673 3178 835 3257 efferunt.
881 3175 1027 3251 Etenim
1042 3178 1222 3285 ’γραφῖὲή-

118 3339 239 3408 σομαι
254 3309 343 3383 nihil
360 3322 425 3402 est,
441 3312 511 3388 nisi
526 3313 689 3416 γραφθῇ
706 3306 856 3409 ἔσομαι,
870 3309 966 3409 quod
982 3335 1079 3383 nunc
1091 3309 1220 3386 Graeci

118 3469 163 3515 ex
188 3442 362 3520 citerioris
391 3443 532 3548 linguae
564 3443 724 3545 analogia
755 3441 959 3544 exprimunt
988 3438 1093 3522 §sino
1128 3473 1222 3545 poor-

117 3575 225 3674 pfitp‘p,
261 3574 307 3648 de
346 3603 416 3674 qua
447 3577 759 3653 circumlocutione
790 3574 937 3675 copiose
967 3572 1147 3675 disputavi
1183 3576 1221 3650 in

118 3706 319 3781 Comment.
344 3707 507 3786 advers.
532 3712 612 3785 do&
659 3708 829 3807 Denique
852 3706 941 3780 nihil
966 3706 1156 3806 jucundius
1179 3733 1222 3781 ac

117 3838 336 3917 lructuosius
367 3851 439 3932 est,
477 3868 582 3943 quam
620 3841 785 3942 syntaxiu
821 3839 1010 3938 utriusque
1044 3837 1221 3915 sermonis

114 3972 238 4075 ¹graeci
268 3973 446 4066 conferre,
482 3998 590 4076 porro
627 3975 806 4052 variorum
842 3971 1015 4070 loquendi
1051 3996 1222 4072 generum

119 4102 355 4181 differentiam
378 4118 520 4199 notare,
551 4132 749 4209 synonyma
778 4103 912 4181 veteris
942 4102 1084 4202 linguae
1113 4100 1223 4175 verba

118 4262 200 4313 cum
229 4249 434 4346 postrorum
464 4250 666 4342 temporum
698 4263 768 4314 usu
798 4233 1015 4310 contendere
1044 4241 1152 4328 atque
1182 4254 1224 4303 ea
1309 4294 1321 4321 ,
