2684 4740
136 245 140 253 ,
186 228 247 283 xm
1083 196 1111 241 ⁸

188 396 376 475 Graeciam
399 372 421 469 a
446 391 676 469 barbarorum
700 393 785 492 jugo
809 389 995 469 liberatum
1020 391 1075 482 iri,
1099 416 1213 493 quum
1239 392 1298 470 ho.

74 578 77 585 ·
188 539 282 614 stem
294 553 368 605 non
380 526 497 602 minus
511 534 706 627 potentem,
724 523 969 626 ignorantiam,
982 524 1138 603 vicisset.
1163 523 1298 626 Quam.

109 694 113 705 ¹
189 661 314 740 obrem
339 658 480 736 scholas
506 669 544 735 et
568 656 751 757 gymnasia
776 657 814 731 in
837 657 946 735 variis
970 657 1112 757 oppidis
1132 657 1298 733 condide-

189 803 275 872 runt
299 791 423 867 accitis
448 789 690 865 celeberrimis
709 789 913 890 quibusque
931 798 968 863 et
990 788 1212 865 doctissimis
1230 816 1299 865 rna·

190 923 322 1027 gistris.
372 922 477 1023 Quae
502 947 562 998 res
587 931 759 1021 quantum
784 919 937 997 valuerit
965 920 1010 995 ad
1035 919 1197 997 Graecos
1225 949 1315 1016 eru,

190 1054 344 1145 diendos
369 1053 440 1129 dici
464 1055 523 1133 rix
549 1062 681 1155 potest
717 1051 827 1128 Multi
845 1053 940 1128 enim
956 1062 1029 1128 tam
1047 1052 1176 1154 ligatae
1194 1081 1300 1154 qnam

190 1187 330 1264 solutae
354 1187 526 1265 orationis
550 1184 747 1286 scriptores
779 1211 824 1260 ex
855 1211 900 1261 eo
929 1195 1093 1286 tempore
1122 1188 1201 1285 jam·
1224 1187 1300 1262 bar·

190 1320 288 1395 baris
312 1318 461 1396 vocibus
486 1319 736 1394 abstinuernmt
760 1317 911 1419 perenni
933 1317 994 1393 illo
1026 1327 1064 1395 et
1087 1317 1299 1397 inexhausto

191 1452 277 1530 aviti
301 1449 479 1528 sunnonis
502 1449 602 1524 lonte
625 1462 740 1528 noros
765 1448 927 1526 hortulos
952 1449 1152 1552 irrigantes.
1177 1450 1299 1553 Quare

191 1581 368 1684 quidquid
392 1608 520 1658 recens
546 1592 644 1657 aetas
669 1582 893 1682 excogitavit,
917 1582 1074 1683 antiquis
1096 1583 1299 1660 nominibus

189 1716 284 1791 scite
310 1714 541 1815 appellarunt,
566 1738 658 1790 nova
684 1713 789 1787 etiam
807 1715 984 1814 lingentes
1002 1714 1185 1805 vocabula,
1211 1742 1299 1817 quae

191 1873 239 1921 ne
264 1870 425 1923 summos
451 1843 594 1945 quidem
619 1843 841 1942 antiquitatis
867 1854 1028 1921 oratores
1053 1855 1116 1920 ant
1145 1846 1300 1946 pbiloso-

192 1978 298 2078 pbos,
321 1975 355 2050 si
376 1975 575 2079 novissent,
600 1974 850 2076 repudiaturus
874 1976 988 2052 foisse
1019 1977 1205 2077 probabile
1237 1992 1300 2058 est

192 2108 280 2187 Non
303 2116 425 2187 lamen
448 2108 570 2185 cuncti
594 2107 744 2183 eandem
767 2108 861 2186 riam
893 2108 933 2183 in
956 2107 1150 2185 excolenda
1181 2111 1300 2213 lingua

90 2312 96 2323 ,
192 2240 347 2341 ingressi
371 2249 466 2319 sunt.
514 2240 589 2317 Alii
612 2243 784 2340 majorum
808 2240 964 2344 linguam
988 2241 1041 2317 sic
1066 2253 1235 2334 amarunt,
1258 2255 1299 2319 ut

83 2387 86 2390 ’
192 2399 280 2474 prae
309 2372 377 2451 hac
408 2373 524 2473 plebis
555 2396 757 2448 sermonem
789 2384 1011 2475 spernerent.
1066 2375 1231 2476 Quorum
1262 2376 1300 2451 in

193 2530 354 2593 numero,
380 2513 420 2579 ut
442 2503 542 2594 alios,
568 2503 630 2603 qui
654 2513 738 2581 ante
763 2530 843 2579 eum
867 2505 1043 2599 vixerunt,
1065 2516 1211 2598 taceam,
1234 2533 1301 2583 no·

194 2647 271 2714 stro
293 2639 402 2713 etiam
427 2634 812 2735 saeculo-Neophytos
836 2636 960 2716 Ducas
983 2639 1066 2730 fuit,
1090 2640 1197 2716 editis
1223 2667 1302 2716 ora·

192 2769 331 2845 toribus
356 2768 501 2860 Atticis,
526 2765 745 2869 Thucydide.
763 2769 913 2871 aliisquo
938 2771 1142 2849 auctoribus
1172 2770 1300 2850 clarus.

107 2895 112 2905 Α
193 2901 267 2979 Alii
308 2900 490 3001 vulgarem
527 2901 757 2999 graecitatem
787 2904 866 2978 sine
896 2903 967 2980 ulla
998 2902 1073 2980 lere
1102 2907 1300 2981 mutatione

194 3030 394 3119 scribendis
420 3030 634 3108 carminibus
661 3036 848 3136 omnisque
874 3037 1014 3138 generis
1030 3036 1135 3113 libris
1153 3036 1199 3113 ad
1220 3064 1299 3113 rem

193 3162 400 3241 litterariam
441 3165 688 3266 spectantibus
729 3179 850 3270 aptam
885 3196 969 3246 esse
1004 3172 1165 3247 arbitrati
1202 3182 1299 3248 sunt

192 3294 322 3395 ltaque
346 3307 475 3398 poetae
500 3298 660 3375 nonnulli
685 3308 722 3376 et
745 3302 925 3403 pedestris
950 3303 1124 3381 orationis
1147 3284 1299 3406 seb-ipto-

193 3453 254 3505 res
279 3429 504 3522 exstiterunt,
529 3432 593 3532 qui
616 3456 667 3508 ne*
687 3428 929 3514 transversum
949 3435 1095 3534 quidem
1110 3437 1299 3540 digituma

193 3558 291 3660 vulgi
321 3562 580 3640 consuetudine
610 3565 846 3646 discederent.
901 3565 1000 3644 Talis
1031 3569 1116 3662 suit,
1145 3570 1208 3668 qui
1239 3596 1299 3644 ex·

99 3710 102 3717 '
195 3701 303 3771 eunte
327 3695 470 3771 saeculo
495 3699 681 3799 superiore
711 3711 749 3776 et
776 3700 882 3799 hujus
915 3700 1048 3775 saeculi
1077 3699 1179 3773 initio
1208 3701 1299 3776 vixit

193 3824 413 3905 Athanasius
437 3828 702 3931 Christopulus,
725 3828 895 3927 praeclari
918 3827 1052 3929 ingenii
1073 3827 1139 3916 vir,
1162 3826 1225 3925 qui
1240 3853 1298 3901 re-

194 3959 369 4037 centioris.
388 3959 561 4036 Graeciae
584 3961 774 4034 Anacreon
798 3957 925 4034 merito
949 3966 1183 4060 nuncupatur.
1213 3958 1297 4053 Alii,

192 4094 337 4190 rejectis
361 4089 543 4168 vocabulis
568 4086 791 4163 extrinsecus
821 4087 948 4179 allatis,
976 4113 1055 4164 eam
1081 4119 1174 4194 quae
1198 4118 1296 4170 nunc

192 4223 231 4297 in
255 4219 378 4322 populi
403 4197 465 4295 ore
489 4229 547 4296 est
570 4219 725 4318 lingnam
750 4230 792 4295 et
811 4218 1041 4323 loquentibus
1074 4237 1117 4305 et
1136 4226 1296 4303 scriben-

1195 4362 1292 4436 tibus
