2684 4740
114 236 161 308 80

114 441 281 521 praeterea
304 426 409 491 adnot.
433 425 474 488 cd
496 441 575 488 vers.
598 419 651 485 id.
697 421 818 485 Nostro
834 420 903 483 looo
927 406 1064 500 ἔρχομαι
1081 438 1157 483 eam
1173 419 1222 484 he.

115 558 169 620 bet
183 553 389 630 sententiam,
412 567 492 630 quac
514 549 572 609 sub
595 544 771 630 composito
794 546 890 606 verbo
913 535 1096 622 ἀπέρχομαι
1112 545 1223 627 suinci

118 676 212 751 solet,
246 676 279 737 id
313 673 396 754 quod
428 671 524 752 longe
552 668 657 731 rarius
686 668 722 729 in
748 666 935 747 recentium,
959 685 1055 747 quam
1082 677 1221 728 veterum

118 799 315 862 Graecorum
338 812 485 856 sermone
507 790 557 854 fit.
601 790 699 853 Plebs
719 799 827 852 eutem
849 790 999 869 antiquae
1022 787 1160 870 linguae
1175 809 1221 850 ex-

116 941 190 1008 pers
214 919 298 981 hanc
319 917 408 979 verbi
430 913 671 999 usurpationem
693 914 759 976 iere
781 913 921 995 ignorat.
975 909 1146 987 crustum,
1175 911 1221 991 qui

119 1044 217 1108 vertit
234 1058 325 1127 prce
347 1045 435 1102 meto
457 1056 495 1100 eo
518 1032 626 1110 venie,
649 1047 716 1098 toto
740 1034 830 1097 coelo
852 1053 989 1113 errasse,
1012 1032 1065 1094 vel
1087 1053 1158 1096 non
1179 1053 1221 1095 as·

119 1165 280 1230 severanti
302 1182 396 1224 nomo
420 1160 492 1238 erit,
507 1160 585 1240 quin
607 1157 689 1221 mihi
711 1157 829 1220 credat.
851 1189 896 1200 -
917 1152 1051 1231 ξεψυχῶ
1076 1154 1221 1241 exspiro,

121 1285 273 1351 animam
295 1281 392 1369 efflc,
415 1277 596 1345 exanimor
624 1283 661 1344 in
683 1280 832 1366 populari
855 1257 1033 1363 graecitate
1055 1291 1220 1365 usurpatur

119 1430 179 1497 pro
203 1409 335 1488 antiquo
359 1391 499 1481 ἐκψῦχῳ.

252 1529 294 1590 V.
319 1527 372 1591 91.
417 1514 580 1606 γλυνόυειν
601 1526 637 1587 in
658 1523 784 1607 vulgari
807 1525 919 1608 lingue
941 1523 1027 1587 valet
1046 1519 1219 1611 aufugere,

120 1650 286 1729 cradere3
310 1649 370 1730 (cf.
394 1668 474 1730 quae
496 1649 566 1711 dixi
593 1648 635 1711 ad
656 1667 783 1710 versum
807 1643 869 1728 14)
896 1647 1059 1710 interdum
1089 1661 1124 1710 et
1152 1644 1220 1710 Iibe-

120 1773 224 1840 randi
246 1772 466 1857 significatum
488 1770 601 1851 habet,
630 1773 723 1852 quem
751 1771 947 1855 primitivum
976 1771 1076 1833 fuisse
1100 1783 1220 1853 etymon

122 1898 328 1983 hujus-verbi
350 1895 481 1958 indicat.
527 1891 716 1956 Der-ivatum
738 1893 826 1955 enim
854 1904 903 1955 est
932 1896 972 1956 ab
1003 1879 1148 1973 iooioroc,
1176 1894 1221 1956 ad·

116 2023 236 2106 jectivo
259 2018 379 2083 verbali
400 2018 488 2080 verbi
517 2006 656 2092 ἐκλύειν,
686 2019 777 2099 cujus
805 2018 881 2096 vim,
904 2017 1024 2079 sinon
1047 2028 1164 2096 totam,
1184 2035 1223 2079 ex

121 2156 214 2232 parto
238 2156 347 2206 tamen
370 2160 454 2203 nova
470 2161 532 2203 vox
546 2140 678 2225 accepit
724 2138 775 2202 Ex
790 2139 901 2202 codem
916 2139 1006 2202 fonte
1022 2138 1114 2203 fluxit
1126 2127 1224 2218 γλύω,

122 2268 206 2348 quod
235 2267 319 2330 intra
347 2283 428 2328 vers.
463 2260 525 2327 143
553 2261 683 2346 legitur.
732 2261 819 2326 Vide
848 2260 963 2325 Corais
991 2252 1052 2322 ’Aa
1076 2261 1167 2325 Tom.
1189 2259 1225 2324 11

122 2410 153 2476 p.
177 2386 230 2453 92.

256 2509 300 2570 V.
323 2505 374 2570 92.
415 2493 464 2566 ont
485 2498 571 2588 ’βρω,
593 2526 652 2593 pro
676 2527 737 2588 quo
760 2517 793 2571 et
813 2497 856 2567 νὰ
878 2500 944 2588 βρῶ
969 2505 1063 2593 plebs
1090 2505 1222 2585 adhibet,

124 2634 209 2698 idem
230 2642 327 2696 sonat
349 2631 432 2712 quod
453 2619 498 2689 νᾶ
518 2617 608 2712 εὕρω,
631 2652 673 2694 ex
695 2601 757 2712 qao
779 2644 931 2694 consueta
953 2630 1093 2712 quadam
1116 2629 1222 2718 ephee·

88 2766 90 2776 ’
124 2758 190 2821 resi
212 2768 324 2820 natum
345 2766 405 2817 est.
432 2786 475 2800 -
496 2745 561 2812 ’κεῖ
577 2755 599 2816 i.
620 2774 647 2817 e.
670 2748 740 2815 ἐκεῖ.
772 2783 817 2801 2-
847 2739 951 2814 Kovro'o
965 2753 1091 2839 Jitxta,
1113 2768 1223 2840 prope,

125 2877 161 2942 in
191 2874 335 2955 vicinia,
363 2875 477 2939 vocula
504 2877 642 2939 fortasse
669 2875 805 2939 Italicae
828 2877 980 2960 originis,
1004 2895 1104 2957 quam
1127 2889 1223 2941 temen

124 3001 226 3063 miror
250 2999 387 3060 Coraem
410 3007 579 3078 cognatam
602 3008 732 3082 putasse
762 3019 833 3061 cum
861 3011 1001 3062 veterum
1029 3001 1223 3064 substantivo

125 3110 244 3194 κοντός,
272 3139 376 3201 aquo
399 3119 435 3181 in
458 3120 607 3182 citeriore
630 3119 1026 3207 Graecitatoadjectivum
1048 3113 1178 3199 nomio,
1195 3110 1224 3197 ἦ,

125 3265 163 3303 oo>
190 3239 317 3317 brevit,
341 3261 474 3328 parvus
501 3244 652 3306 manavit.
704 3243 753 3306 Cf.
781 3236 899 3305 Ἀτακτ.
928 3241 1222 3332 rom.11p.19t

126 3399 171 3414 --
192 3353 288 3427 σῶσω
312 3370 397 3449 conj.
421 3385 488 3428 eor.
512 3368 600 3429 verbi
621 3353 706 3426 σᾶυω
728 3370 769 3432 ab
792 3369 927 3448 antiquo
956 3355 1021 3425 σὸω
1045 3368 1223 3434 deducendi.

126 3490 185 3555 Est
207 3502 314 3554 autem
336 3490 373 3552 in
395 3491 532 3551 barbare
555 3491 731 3571 graecitate
752 3478 838 3550 σόνω
859 3508 925 3551 non
948 3488 1054 3553 solum
1075 3508 1225 3569 servm

122 3609 276 3699 periculo
299 3607 419 3698 eripio,
441 3611 497 3674 sed
519 3612 617 3675 etiam
640 3610 810 3688 orcbvenio,
833 3608 978 3698 attingo,
1001 3610 1166 3693 advenio,
1185 3611 1224 3678 tir·

127 3730 231 3807 vado,
253 3753 352 3817 porro
374 3730 463 3797 catis
484 3753 568 3811 orem,
589 3729 742 3823 sufficio,
771 3736 907 3817 denique
919 3729 1013 3822 finio
1042 3749 1077 3799 et
1107 3733 1225 3804 desino.

126 3854 179 3919 De
207 3853 331 3935 reliquo
365 3875 519 3940 praesens
546 3848 637 3932 σώζω
665 3868 790 3922 retenta
823 3859 957 3939 antiqua
991 3858 1226 3942 significatione

126 3978 227 4040 etiam
248 3996 335 4040 nunc
356 3989 471 4044 exstat.
516 4010 561 4028 -·
604 3968 775 4060 φρσυπῶσω
800 3981 924 4067 pariter
946 3983 1030 4064 conj.
1053 4001 1124 4048 cor.
1148 3982 1229 4051 verbi

126 4097 321 4162 recentioris
342 4090 499 4180 τρουπὸυω
528 4101 550 4164 i.
574 4123 602 4163 e.
626 4095 753 4188 defigo,
772 4097 859 4189 figo,
880 4114 1051 4190 praeterea
1074 4125 1130 4173 me
1144 4102 1229 4173 abdo

126 4217 162 4286 in
174 4216 355 4308 foramen.
408 4223 595 4290 Tenendum
622 4224 709 4291 enim
732 4236 791 4306 est,
814 4246 875 4314 pro
901 4223 1004 4307 τρῢπα
1024 4228 1061 4294 in
1083 4229 1230 4322 populari

1172 4373 1230 4422 ser·
