2684 4740
131 411 199 478 Sed
222 424 429 499 posteaquam
450 412 629 497 adobruta,
653 416 775 499 agressi
796 429 873 483 suut
894 420 929 484 in
952 421 1123 508 paulianum

129 545 277 611 Primum
299 546 465 612 interiecit
484 546 624 632 passima
645 545 733 613 ara.
1023 521 1028 529 ’

128 677 234 739 Nacta
257 688 307 745 ast
328 696 400 742 aum
420 681 526 758 astro,
548 679 603 745 ubi
625 680 772 747 arsetas
794 679 898 765 (aaa),
918 693 952 748 at
975 687 1061 772 oepit
1080 709 1171 772 oum;

128 829 199 871 oum
221 809 292 894 ipso
314 809 408 875 modo
430 807 518 890 lusit,
541 810 597 876 sed
619 821 732 896 postaa
754 813 919 881 devoravit
940 836 1021 881 eum.

126 940 277 1006 Alterum
299 959 420 1005 aursus
433 952 585 1026 oapasuat
606 943 668 1007 viri
687 945 880 1026 saevissimi,

125 1074 162 1135 in
185 1071 370 1157 muscipulo,
394 1091 473 1153 quae
495 1084 545 1138 ast
567 1073 878 1140 formidolosissima.

125 1203 227 1265 Multi
250 1223 321 1265 eam
345 1198 518 1276 nominum
539 1202 732 1287 decipulam,
755 1222 835 1283 quaa
856 1205 963 1291 pordit

126 1353 236 1397 mures
259 1331 432 1411 malitiose,
456 1342 489 1397 at
510 1332 551 1397 ad
573 1343 708 1400 mortam
730 1353 785 1398 aas
805 1337 902 1421 rapit

125 1466 258 1541 Tertius
280 1461 506 1529 aratdilaatus
529 1461 611 1532 mihi
633 1476 667 1528 et
684 1467 785 1530 matri
807 1486 901 1545 suao;

124 1595 259 1661 noultum
282 1593 368 1661 hum
391 1595 577 1675 anaviaus,
600 1597 678 1679 quia
698 1607 770 1662 arat
792 1598 915 1666 unicus.

124 1727 172 1790 Eo
195 1747 246 1790 ma
268 1726 435 1813 privarunt
455 1745 556 1792 rauaa
577 1727 789 1814 deaaptrioas3

124 1858 380 1945 praecipitarunt
402 1877 473 1924 eum
495 1858 604 1925 fartim
627 1858 663 1924 iu
684 1857 844 1946 paludem,
868 1869 904 1922 ut
925 1874 1112 1928 moraretur.

125 1994 326 2071 Quamquam
346 2010 422 2056 raro
444 1989 531 2056 solus
552 2010 613 2074 ago
636 2011 750 2078 passus
773 2011 844 2056 sum
866 1989 928 2056 hoo
949 1992 1170 2077 infortunium,
1210 1974 1212 1976 ,

124 2135 232 2186 tamon
255 2122 432 2188 communia
454 2123 602 2188 omuibus
623 2132 674 2188 ast
696 2121 825 2202 injuria.

123 2252 164 2318 Si
186 2252 295 2331 vultis,
317 2252 460 2316 vindicta
480 2263 516 2317 ut
537 2251 605 2337 fiat,
628 2271 670 2315 ua
692 2271 862 2329 cassamus,

123 2385 181 2447 sed
192 2384 336 2482 ineamus
353 2382 498 2448 ominem
516 2381 552 2462 (i
560 2404 585 2448 a.
593 2382 628 2446 in
641 2382 710 2447 acia
722 2381 997 2467 nosoollooenos)
1007 2402 1068 2450 naa
1080 2388 1224 2473 negligo.

122 2517 227 2580 Arma
248 2514 385 2582 artificio
408 2515 499 2581 varia
519 2516 731 2595 inveniamus,
754 2524 790 2578 ut
810 2515 991 2598 induamur,
1125 2521 1222 2600 [mus.
1288 2508 1293 2513 ’

123 2666 352 2731 congregemur
374 2647 483 2712 auuati
504 2665 575 2723 mos,
598 2657 635 2709 ut
656 2645 808 2712 vadamus
829 2646 995 2720 irruentum
1017 2647 1101 2711 illos.

122 2778 242 2841 Verbis
264 2776 319 2839 hio
341 2775 439 2840 finam
460 2773 624 2860 imposuit,
646 2783 680 2835 at
700 2770 751 2834 ilii
772 2771 1023 2856 raspoudarunm

70 2963 81 2981 „
122 2898 238 2973 ounoti'
253 2903 441 2990 moriamur!
464 2916 499 2969 ot
520 2906 555 2971 iu
576 2903 646 2970 sote
666 2924 703 2968 se
726 2901 934 2968 aollooaruut.

122 3040 254 3118 Audite,
279 3042 368 3121 oujns
391 3038 518 3121 generis
541 3037 660 3102 suerint
681 3056 772 3102 arma
794 3054 914 3101 aarum.
946 3122 948 3128 A

121 3173 224 3237 Fabas
247 3170 364 3234 viridas
386 3170 560 3260 saisierunt,
583 3180 616 3233 at
639 3178 788 3232 taxarunt
808 3132 903 3231 suras
918 3187 1009 3236 ‘auam
1126 3187 1128 3191 ·

121 3303 341 3367 Luoaruarum
364 3312 548 3386 tegumenta
570 3300 711 3366 habuero
732 3320 791 3386 pro
814 3300 928 3379 suatim

120 3435 237 3519 longae
259 3455 335 3498 acus
355 3435 479 3499 sarreaa
500 3444 594 3498 arant
616 3430 728 3496 hastae
735 3453 745 3510 ;
846 3491 848 3494 ,

120 3568 271 3632 viridium
292 3565 432 3631 cicorum
452 3566 619 3652 putamina
641 3563 822 3632 habuerunt
843 3565 878 3629 iu
902 3565 1068 3652 capitibus,

121 3710 154 3763 at
175 3718 289 3784 corpus
311 3708 516 3762 armaverunt
537 3697 683 3760 omuibus
704 3695 838 3776 reliquis
861 3694 1051 3775 (membris)
1072 3695 1195 3759 melius.

120 3830 208 3896 Folis
228 3829 344 3916 pellam
356 3831 568 3907 invenerunt,
592 3847 671 3908 quae
693 3839 765 3890 erat
786 3825 963 3912 explicata,

119 3983 252 4044 euinque
275 3961 408 4025 calamis
428 3959 642 4047 pulcherrimo
664 3958 886 4048 rutundorum.

119 4095 285 4161 Thoraoas
306 4113 348 4159 ax
369 4113 409 4157 aa
430 4093 584 4172 focerunt,
606 4103 643 4156 ut
663 4112 699 4156 se
721 4085 926 4154 ostenderant
946 4086 1115 4154 afforatos..

115 4227 189 4291 Hoo
210 4226 304 4291 modo
326 4246 432 4303 muros
454 4236 548 4294 eraut
566 4225 692 4289 armati

927 4344 973 4410 ᾖ*
