2684 4740
1125 234 1172 310 65

198 414 241 482 V·
265 412 318 486 37.
364 415 559 503 &tenesmo
592 421 766 508 vulgariter
792 442 851 513 pro
880 420 1049 509 ἀπεκρίθη,
1081 434 1171 514 eujus

64 542 134 606 loeo
158 553 282 607 veteres
306 543 457 609 adhibere
479 545 585 609 solent
607 539 800 628 ἀπεκρίνατο.
845 547 931 612 Vide
961 570 1042 631 quae
1064 551 1169 615 obser-

63 666 208 728 vavimus
231 666 374 729 advers.
398 664 450 730 31.
475 679 507 733 et
527 669 625 755 paulo
647 671 793 756 superius
820 671 964 736 advers.
990 671 1040 735 11.
1089 671 1168 738 Gae-

62 799 169 851 terum
197 799 333 869 constat,
359 792 430 872 jam
456 789 680 874 Phrynichurir
708 794 907 878 vituperasse
939 786 1096 875 οἷπεκρίβη
1127 817 1167 860 eo

62 930 161 973 sensu
182 912 333 997 positum,
357 931 418 992 quo
442 913 611 976 dicendum
633 926 704 978 erat
726 906 920 994 deceptuose.

194 1032 238 1095 V.
261 1031 315 1098 38.
360 1031 453 1110 ζητᾷς
475 1037 497 1097 i.
521 1058 549 1098 e.
573 1037 676 1110 ζητεῖς.
720 1035 851 1099 Etenim
867 1036 1006 1121 plurima
1022 1040 1117 1102 verba
1132 1040 1168 1103 in

61 1168 103 1212 em
126 1155 212 1239 apud
233 1167 357 1218 veteres
380 1157 562 1218 desinentia
589 1157 624 1218 in
652 1156 780 1238 vulgari
802 1176 949 1218 sermone
971 1159 1168 1222 terminatio·

60 1294 141 1337 nem
163 1297 212 1333 αω
233 1277 405 1362 accipiunt,
429 1277 621 1357 notamen,
648 1261 685 1339 ut
705 1297 860 1363 persaepe
887 1277 989 1341 altera
1017 1279 1168 1344 termine

60 1397 110 1458 tio
134 1385 234 1476 acque
256 1398 375 1460 usitate
396 1399 450 1461 sit.
500 1397 604 1481 Hujus
633 1401 762 1482 generis
789 1411 839 1465 est
867 1401 950 1481 quod
977 1401 1064 1465 inira
1084 1421 1165 1467 vers.

63 1514 138 1582 104.
162 1517 282 1601 legitur
303 1517 470 1579 aaronem
491 1530 524 1582 et
545 1538 624 1583 vers.
648 1519 701 1584 97.
724 1518 875 1599 poetam

194 1639 236 1702 V.
260 1637 411 1705 39-40.
457 1642 498 1706 In
519 1640 573 1706 his
594 1643 715 1707 duobus
737 1645 879 1708 versibus
894 1644 1003 1709 Zenus
1023 1657 1167 1712 veterum

60 1762 243 1849 exemplum
266 1764 327 1826 sibi
349 1764 540 1827 imitandum
562 1765 700 1850 sumpsit
721 1763 850 1828 Dativis
871 1777 976 1845 utens,
999 1787 1019 1829 a
1042 1769 1165 1848 quibus,

61 1889 91 1950 si
114 1908 134 1949 a
156 1887 268 1972 paucis
291 1884 478 1968 quibusdam
499 1886 652 1969 loquendi
681 1885 844 1962 formulis,
873 1885 959 1951 velut
987 1884 1052 1963 aaa
1077 1877 1165 1965 δόξα,
1188 1976 1194 1986 ¹

61 2004 97 2068 ἐν
121 1995 156 2090 ᾧ,
179 1998 253 2089 πρὸς
274 1998 391 2080 τούτοις
420 2008 556 2091 aliisque
584 2011 772 2089 recesseris,
795 2029 914 2092 magno
942 2029 1014 2073 cum
1035 2008 1167 2093 linguae

60 2133 254 2196 detrimento
276 2131 373 2217 plane
395 2154 431 2195 se
453 2132 616 2196 abstinent
637 2131 843 2193 recentiores.

194 2252 239 2315 V.
264 2249 315 2317 41.
360 2239 403 2310 <lo
431 2246 527 2334 adipe
547 2255 569 2315 i.
593 2273 623 2315 e.
645 2246 674 2310 ἐἰ
695 2243 807 2321 θέλεις.
858 2250 945 2317 Nam
972 2247 1168 2316 recentiores

59 2377 210 2460 neglecto
237 2376 440 2456 discrimine,
469 2376 552 2457 quod
578 2386 701 2439 veteres
729 2375 817 2439 inter
834 2369 872 2434 'el
892 2383 925 2437 et
946 2363 1005 2432 ἐὰν
1031 2374 1100 2438 sive
1126 2358 1168 2433 olo

61 2522 133 2565 esse
155 2499 340 2582 voluerunt,
362 2518 488 2586 semper
516 2517 603 2563 nunc
630 2483 673 2558 dv
699 2497 812 2561 dicere·
827 2496 954 2575 solent,
986 2497 1053 2560 nisl
1083 2495 1167 2577 quod

59 2623 212 2688 nonnulli
233 2623 410 2687 imitationi
431 2633 574 2684 veterum
596 2617 760 2680 studentes
775 2633 836 2677 usu
851 2611 1052 2698 repugnante
1068 2617 1165 2679 inter·

60 2747 138 2809 dum
160 2741 188 2802 εἰ
209 2742 372 2807 adhibent.
400 2769 444 2787 ι-
466 2736 509 2809 ele
531 2730 655 2817 serenet
676 2737 698 2797 i.
721 2755 749 2796 e.
773 2728 815 2801 εἷς
837 2723 988 2810 ἓνῦμησιυ.
1036 2732 1168 2796 Dicitur

61 2857 204 2946 adponam
225 2850 314 2947 vulgi
335 2882 425 2926 more
446 2880 506 2948 pro
529 2847 717 2939 doedponoaec,
744 2855 827 2936 quod
848 2855 955 2942 ipsum
982 2854 1019 2916 in
1044 2851 1169 2937 plebejo

61 2965 212 3053 sermone
240 2985 326 3050 nihil
352 2985 418 3049 nisi
444 2979 625 3056 memoria,
659 2973 855 3044 recordatio
884 2987 942 3041 est.
1005 2974 1168 3040 Similiter

57 3118 129 3198 Jam
163 3113 199 3174 in
233 3107 534 3197 septuragintavirali
566 3108 633 3169 sive
665 3102 892 3168 Alexandrina
918 3101 1037 3164 veterIs
1071 3110 1167 3165 testa-

61 3236 165 3301 menti
186 3233 400 3298 translatione
422 3220 560 3312 βύμημα
581 3243 640 3315 pro
663 3216 835 3305 ἓνὲὗμημα
855 3220 983 3304 legitur·

194 3356 238 3420 V.
262 3355 315 3421 43.
357 3348 414 3415 ’noi
436 3370 495 3441 pto
519 3347 602 3412 εἰπῶ.
636 3348 713 3412 Vid.
736 3349 777 3411 ad
798 3364 881 3410 vers.
905 3338 958 3404 22.
982 3367 1026 3387 »—
1048 3326 1168 3399 damme

66 3487 88 3548 l.
110 3503 139 3548 e.
162 3466 314 3542 o't'xovooo.
358 3473 435 3541 Vid.
457 3478 546 3540 dicta
569 3473 610 3538 ad
632 3488 714 3537 vers.
739 3467 790 3534 18.

196 3603 240 3668 V.
264 3599 316 3666 45.
360 3591 597 3680 μεγαλόψυχον
617 3586 713 3661 metri
736 3611 832 3656 cause
847 3606 906 3674 pro
922 3566 1167 3668 μεγαλσψῦχου.

64 3728 152 3800 Vide
181 3746 261 3808 quae
289 3722 428 3787 diximus
457 3721 499 3785 ad
525 3719 648 3802 dialogi
675 3736 754 3782 vers.
779 3713 810 3777 5.
863 3710 960 3774 Locis
986 3710 1033 3772 ibi
1061 3708 1170 3771 citatis

63 3868 153 3916 nunc
187 3847 269 3913 addo
302 3867 343 3910 ex
379 3844 546 3927 Anonymi
578 3851 692 3929 poetae
728 3835 879 3925 opusculo
912 3834 952 3896 de
986 3829 1171 3895 Alexandri

63 3971 180 4060 Magni
206 3973 300 4034 rebus
328 3969 429 4053 gestis
462 3966 615 4030 Venetiis
644 3958 730 4027 1794
765 3959 852 4043 typis
887 3974 1004 4020 excuso
1035 3971 1110 4040 pag·
1135 3947 1170 4012 11

152 4060 252 4172 {opio
278 4089 340 4152 τῶν
366 4078 539 4173 Αἰγύπτιωυ
559 4072 633 4164 ἦτον
653 4071 755 4144 πολλὰ
776 4070 911 4159 περίσσα

152 4207 208 4279 elo
229 4208 365 4298 οὐρανὸν
387 4205 583 4298 &pippinum
606 4197 662 4270 καὶ
684 4199 706 4267 τ’
733 4189 836 4282 ἄστρα
858 4192 1041 4281 diomedeae,
