2684 4740
1156 253 1227 305 XLV

116 419 158 492 in
191 416 473 517 Turcograeciae
504 417 581 492 libr.
608 417 660 495 Vl
691 445 769 519 pag.
794 421 866 492 37⁶2
898 420 1082 516 (Basileac
1112 426 1224 521 1584)

115 549 177 624 bis
202 550 321 626 verbis
347 559 469 622 utens:
494 549 695 640 „Demetrii
714 550 821 648 hujus
839 551 928 625 Zoni
945 580 1053 653 opera
1079 565 1116 630 et
1141 555 1225 629 dex-

114 681 264 755 teritate
289 706 440 756 excusus
467 692 524 756 est
548 681 709 758 Venetiis
733 677 977 782 Ἀλέξανδρος
999 687 1224 763 ouranos„

115 812 233 908 (liber
257 811 302 884 de
328 813 520 899 Alexandri
544 813 594 890 Μ.
621 815 728 888 rebus
755 815 878 913 gestis,
904 814 1079 891 Versibus
1106 818 1222 916 politi-
1336 854 1341 865 ·

114 943 195 1034 cis)
222 968 314 1016 anno
347 932 473 1030 1599,κ
493 971 600 1044 quem
631 945 717 1018 mihi
750 947 796 1017 10
825 945 914 1044 Maji
947 947 1042 1020 1564
1072 948 1220 1025 Patauio

112 1073 318 1174 Tybingam
351 1074 402 1149 M.
434 1075 674 1176 Engelbertus
705 1074 885 1149 lllilauder
915 1076 1049 1149 misit’'
1103 1079 1219 1176 Hujus

111 1206 163 1278 de
183 1205 383 1279 Alexandro
399 1206 600 1280 Macedone
623 1206 703 1278 libri
722 1205 930 1302 exemplum,
955 1206 1053 1304 quod
1071 1207 1222 1284 Cresius

111 1335 342 1436 possederat,
373 1336 410 1407 in
440 1334 654 1409 Academica
685 1335 892 1409 Halensium
922 1337 1136 1411 bibliotheca
1165 1365 1221 1414 as-

112 1465 261 1554 servari,
293 1467 464 1540 certiores
491 1492 561 1541 nos
585 1467 720 1540 sariunt
738 1465 794 1540 M.
824 1466 904 1540 Joh.
935 1468 1218 1546 Tribbechovios

111 1598 149 1670 in
175 1595 289 1670 Elem.
314 1596 395 1697 ling.
422 1624 471 1698 gr.
496 1597 594 1697 vulg.¹
621 1598 777 1671 Dissert.
809 1599 915 1696 prael
946 1601 1038 1698 §24
1069 1611 1106 1674 ct
1135 1601 1217 1676 Jolr.

111 1727 224 1804 Mich.
251 1729 414 1828 Longius
446 1729 482 1800 in
513 1726 783 1801 Introductione
822 1729 867 1801 ad
897 1730 1025 1830 poesin
1054 1731 1218 1806 barbaro-

114 1884 286 1960 graecam,
312 1884 403 1958 quae
429 1866 547 1933 exstat
571 1859 609 1931 in
634 1857 808 1960 Philolog.
830 1859 1103 1963 Barbarograec.
1128 1874 1217 1962 part.

113 1991 222 2065 altera
247 2019 280 2090 p.
304 1992 362 2062 23.
392 1990 558 2089 Uterque
583 1989 690 2078 addit,
715 1990 784 2064 hoc
810 1992 1008 2091 exemplum
1033 1995 1217 2092 perpetuis

113 2121 234 2198 Crusii
252 2120 539 2194 adnotationibus
559 2130 721 2194 ornatum
739 2146 831 2194 csse.
849 2121 960 2219 Quod
973 2122 1016 2194 ad
1028 2125 1217 2223 paraphra-

112 2255 169 2329 sin
190 2249 611 2348 Batrachomyomacbiae
635 2250 772 2339 attinet,
799 2276 889 2350 quae
913 2252 1076 2354 versibus
1100 2255 1217 2354 politi-

112 2385 166 2458 cis
211 2381 327 2480 iisque
363 2379 660 2455 homoeoteleutis
704 2382 900 2482 composita
938 2395 1005 2474 est,
1048 2411 1123 2460 non
1159 2413 1216 2461 ac·
1325 2422 1329 2427 ·

111 2515 202 2589 cedo
241 2513 447 2589 Clarissimo
480 2513 691 2589 Thierscbio
730 2515 768 2587 in
811 2514 990 2614 praeclara
1029 2515 1075 2591 de
1112 2522 1215 2619 poesi

109 2646 348 2720 recentiorum
396 2646 616 2720 Graecorum
658 2643 917 2719 dissertatione·
951 2674 1029 2747 pag.
1072 2651 1123 2722 16.
1166 2652 1215 2725 ul.

109 2777 280 2865 lirmauti,
301 2776 399 2847 bunc
426 2774 563 2845 Zenum
585 2773 737 2872 primum
769 2798 850 2846 esse
881 2774 974 2847 inter
997 2779 1216 2853 recentiores
1256 2824 1260 2834 ι

109 2907 283 2995 Graecos,
321 2905 381 3006 qui
416 2930 542 2982 versus
561 2902 722 2979 similiter
745 2903 913 2979 cadentes
938 2904 1072 2980 lecerit
1121 2908 1218 2984 Nam

109 3036 254 3115 saeculo
279 3039 404 3137 quinto
430 3036 568 3112 decimo
592 3038 663 3135 jam
678 3034 888 3112 Emmanuel
904 3037 1104 3140 Georgillas
1128 3040 1215 3116 fina-

109 3171 177 3246 lem
205 3181 417 3245 concentum
440 3170 604 3246 versibus
630 3169 815 3266 adjecerat.
864 3169 959 3245 Vide
979 3171 1102 3248 Carais
1119 3179 1214 3281 Προ-

109 3301 190 3407 lep.
216 3303 264 3390 εἰς
287 3301 353 3378 τὸν
377 3302 550 3402 δεύτερον
577 3286 665 3375 reio.
680 3298 871 3398 ’Artatur
903 3300 1023 3398 τόμον
1056 3304 1133 3379 osb.
1165 3307 1212 3379 δ’.
1313 3347 1316 3354 ·

109 3433 260 3524 Versus,
278 3434 408 3533 quibus
427 3443 568 3509 constat
583 3432 653 3505 hoc
671 3441 805 3530 po'erna,
823 3459 843 3505 a
862 3433 1010 3507 Graecis
1036 3433 1215 3532 appellan-

109 3576 169 3641 tur
193 3564 372 3641 rotund
397 3564 472 3640 sive
498 3563 689 3666 dpprorrxol
703 3565 724 3637 i.
744 3592 772 3638 e.
798 3564 987 3664 populares
1012 3563 1070 3640 vel
1093 3565 1214 3669 vulga.

109 3723 178 3773 res.
232 3696 374 3797 Nempe
404 3700 474 3795 jam
506 3695 542 3768 in
572 3707 732 3771 veterum
765 3697 909 3797 scriptis
934 3693 1121 3787 robariada
1144 3726 1213 3799 pro.

109 3840 278 3925 consueto
304 3839 341 3902 et
366 3827 467 3928 opud
482 3829 656 3927 populum
682 3830 817 3902 usitato
842 3828 928 3927 poni
944 3829 1103 3904 ostendit
1122 3829 1213 3906 San·

109 3962 228 4035 lenius
242 3961 278 4031 in
292 3959 554 4051 Commentario
567 3959 610 4032 ad
623 3960 877 4034 Terentianum
892 3957 1058 4035 Maurum
1076 3989 1110 4061 p.
1132 3964 1215 4039 191.-

110 4090 278 4190 Quocum
304 4091 455 4164 conlerri
480 4101 601 4191 potest
624 4117 712 4166 usus
737 4088 902 4188 adjectivi
920 4090 1092 4189 publicus
1115 4091 1211 4192 apud

111 4221 283 4300 Ovidium
299 4221 390 4297 libro
408 4223 461 4298 lll
479 4222 525 4297 de
549 4234 626 4298 arte
650 4221 790 4298 amandi
812 4248 846 4296 v.
861 4224 959 4299 1480:
