2684 4740
125 202 204 300 tat,

124 399 303 463 recentiore
332 395 508 480 graecitate
536 382 675 466 κοπιάζω
711 386 915 466 laborandi,
952 385 1121 464 suadendi,
1134 384 1226 477 soti.

121 517 243 610 gando}
281 512 484 606 conficiendi
517 517 581 580 vim
614 528 648 578 et
680 525 871 602 potestatem
904 511 1008 576 habet.
1054 514 1226 578 Praetereo

123 641 225 710 eundi
247 644 337 706 notio
360 643 395 705 in
418 640 605 732 quibusdam
628 638 778 720 loquendi
801 638 912 701 formis
935 618 1143 701 ei'trihuitur
1157 658 1185 700 ν.
1203 659 1224 700 o.

123 757 266 842 κόπιασε,
288 755 326 824 oi
348 759 524 845 παρακαλῶ
544 758 633 836 oeni,
656 763 783 847 qieeeso
803 749 968 824 κοπιάσαε
983 753 1072 840 μέσα
1087 759 1223 824 intrate.

185 851 223 874 V

124 924 167 938 -
189 878 364 965 κατάψιλος
387 887 610 966 tenuissimus,
639 884 877 948 subtilissimus.
917 916 960 928 -
998 871 1132 962 oenptove
1155 884 1176 946 i.
1197 906 1221 947 e.

123 1003 298 1092 στημόνιον.

255 1133 298 1196 V.
322 1131 395 1198 306.
442 1122 500 1208 ἀπή
521 1155 586 1213 μου
607 1133 629 1195 i.
653 1153 681 1194 e.
709 1118 787 1205 αὐτή
808 1153 881 1210 μου.
926 1129 1001 1193 Jam
1031 1128 1221 1216 Ptoohopro

124 1259 253 1322 dromus
281 1246 355 1327 ἅτὸς
381 1276 439 1342 pro
467 1244 562 1325 αὐτός
590 1255 755 1341 usurpavit
783 1256 917 1318 barbara
946 1253 1081 1338 insuper
1103 1253 1218 1338 adjecto
1248 1289 1250 1293 ·

94 1346 266 1465 ‘genitivo
293 1380 494 1466 pronomInis
523 1378 661 1460 alicujus
687 1375 885 1463 personalis,
913 1379 960 1438 ita
987 1387 1023 1438 ut
1046 1376 1135 1440 dieat
1155 1367 1220 1447 ἀτός

122 1526 188 1583 μου
209 1523 268 1588 pro
291 1491 385 1570 αὐτὸς
412 1489 492 1581 ἐγώ,
522 1489 596 1568 (irtio
617 1518 680 1559 σου
701 1520 761 1584 pro
783 1473 878 1570 nureo
899 1488 957 1575 oo,
984 1489 1058 1568 ἀτός
1086 1521 1143 1560 του
1167 1521 1218 1587 pro

123 1616 218 1694 αὐτὸς
239 1607 329 1695 οὗτος
350 1622 401 1686 vel
423 1614 519 1692 αὐτὸς
541 1616 665 1692 ἐκεῖνος.
709 1621 797 1686 Nam
818 1621 873 1686 lib.
889 1621 924 1685 ΙΙ
945 1641 1026 1685 vers.
1049 1621 1116 1689 586
1138 1644 1164 1710 p.
1180 1621 1217 1688 35

122 1747 171 1810 etl.
197 1746 272 1810 Cor.
295 1747 388 1809 dicit:

244 1855 318 1939 ἆτὸς
339 1891 395 1929 του
416 1860 536 1949 γίνεται
559 1858 661 1948 ἰατρὸς
682 1856 739 1927 καὶ
759 1855 835 1927 τάδε
856 1860 1079 1949 παραγγέλλει.

123 1992 173 2057 ct.
198 1991 335 2056 Coraem
358 1993 399 2056 ad
422 1989 454 2054 h.
477 1974 554 2055 l.'et
577 1992 619 2055 ad
639 1989 693 2054 lib.
716 1991 733 2054 I
761 2011 842 2055 vers.
867 1987 930 2063 127
954 2011 983 2075 p.
1010 1989 1083 2058 tto.
1130 1990 1220 2056 Simi-

121 2115 198 2178 liter
230 2116 314 2202 apud
346 2115 522 2178 Homerum
555 2104 657 2194 αὐτάρ
690 2125 724 2177 et
756 2103 838 2194 ἀτάρ
871 2098 1066 2199 promiscue
1081 2114 1223 2179 adhiberi

122 2239 268 2302 omnibus
297 2250 408 2300 notum
437 2250 494 2300 est.
545 2238 655 2299 Zenus
682 2248 793 2300 noster
819 2238 855 2299 in
878 2233 939 2298 hoo
961 2249 1088 2328 tantum
1110 2258 1129 2300 a
1153 2239 1222 2302 Pto·

122 2357 355 2446 ehoprodromo
379 2360 549 2444 discrepat,
573 2359 657 2440 quod
685 2380 752 2422 non
774 2359 878 2422 solum
901 2346 959 2433 ἀπή
981 2382 1046 2439 μου
1067 2381 1127 2447 pro
1148 2351 1223 2435 αὐτὴ

122 2471 186 2562 ἐγώ
208 2481 261 2543 hio
284 2482 385 2567 ponit,
410 2481 465 2543 sed
487 2480 586 2543 etiam
608 2481 712 2567 ipsum
736 2471 800 2562 ἐγώ
822 2483 1023 2569 superaddit,
1052 2483 1141 2564 quasi
1166 2501 1218 2545 ne·

121 2604 246 2682 sciens,
275 2604 308 2667 id
330 2623 558 2690 supatvaouum
581 2624 651 2667 esse
673 2615 874 2691 propterea,
903 2625 984 2687 quae
1012 2607 1156 2669 dicturus
1177 2617 1223 2669 ast

120 2715 177 2802 dei
198 2749 272 2807 μου.

254 2851 296 2912 V.
320 2847 394 2913 307.
438 2837 562 2928 φὸρεμα
592 2849 780 2912 vocabulum
809 2861 921 2913 natum
943 2871 985 2913 ex
1007 2861 1151 2913 veterum
1174 2840 1223 2928 φό·

120 2992 206 3051 ρημα
234 2983 271 3032 ut
286 2962 385 3049 gepae,-
413 2991 453 3033 ex
482 2960 588 3048 ξηρός,
615 2956 752 3049 πλερόνω
781 2993 824 3034 ex
851 2961 982 3052 πληρόω.
1031 2972 1092 3037 Est
1120 2985 1223 3037 autent
1248 3037 1250 3046 .

121 3080 244 3171 φόρεμα
266 3092 349 3176 apud
373 3093 568 3154 recentiores
590 3087 703 3157 vestis.
748 3093 796 3156 et.
819 3094 904 3157 Aeta
927 3094 1070 3158 Concilii
1092 3095 1222 3160 Floren-

121 3215 184 3278 tini
212 3234 286 3299 pag.
317 3212 338 3278 8
371 3215 419 3277 ad.
447 3213 578 3279 Labbei.
628 3214 768 3279 Fabulae
798 3217 921 3301 Aesopi
950 3218 1222 3301 barbarograeoae

119 3357 151 3424 p.
184 3334 245 3400 135
279 3337 328 3401 ed.
362 3336 480 3402 Venet.
515 3356 591 3402 ann.
632 3335 727 3402 toto.
772 3338 925 3402 Maiaxus
958 3341 994 3402 in
1027 3339 1104 3414 hist
1140 3341 1223 3404 Patr.

119 3480 194 3547 pag.
219 3457 292 3526 158.
344 3459 488 3525 Codinus
517 3460 556 3523 de
584 3460 680 3524 Osfie.
708 3481 776 3548 oap.
800 3459 821 3525 4
848 3481 881 3524 n.
907 3461 948 3525 15
977 3482 1046 3549 eap.
1070 3461 1092 3527 6
1115 3484 1151 3527 n.
1174 3460 1221 3528 29.

120 3616 164 3629 -
192 3573 382 3643 κατάλευκο’
411 3584 434 3646 i.
462 3605 488 3646 tt.
516 3572 714 3644 κατάλευκον
743 3579 1027 3648 candidissimum.
1068 3621 1112 3633 -
1151 3607 1222 3668 φοιι

120 3693 212 3766 στάνι
239 3707 287 3769 sio
315 3707 548 3791 interpretatur
575 3707 767 3790 Ducangius
795 3706 900 3771 Gloss.
922 3708 1004 3770 med.
1027 3720 1060 3771 at
1085 3710 1146 3775 int.
1170 3709 1221 3776 Gr.

120 3828 212 3891 Tom.
234 3826 268 3890 ΙΙ
296 3848 327 3914 p.
353 3826 454 3893 1700:
483 3817 647 3908 pavendum
675 3827 823 3913 (corrige
857 3817 1032 3911 φουστάνι)
1056 3826 1222 3919 sustuna,

119 3950 221 4037 panni
243 3949 378 4036 speeies,
401 3951 440 4013 de
463 3970 525 4031 qua
546 3951 583 4015 in
605 3949 772 4014 Glossario
795 3952 875 4014 med.
898 3948 992 4016 Lat.”
1029 3953 1079 4017 At
1094 3959 1223 4021 estsere

121 4073 155 4137 id
187 4072 372 4136 vestimenti
404 4088 515 4157 genus,
548 4072 634 4154 quoti
663 4066 800 4157 pollam
834 4072 978 4137 Romani
1009 4078 1223 4164 appellarunt

120 4195 308 4282 Originatio
329 4194 417 4263 vooie
438 4194 549 4263 multis
571 4196 771 4260 eruditorum
790 4196 886 4263 dubia
900 4196 1036 4262 videtur.
1072 4200 1224 4286 Plenique
