2684 4740
163 211 212 282 70

174 421 322 490 asperum
343 401 416 466 ideo
438 418 525 464 nunc
547 375 716 462 eGrcecis
738 398 871 476 servari,
895 395 978 477 quod
1000 396 1129 458 etiamsi
1152 395 1283 478 signum

176 526 284 612 asperi
304 521 432 589 efflatus
453 522 606 609 supersit,
628 521 753 584 nullum
780 531 890 583 tamen
919 518 1015 582 hodic
1043 519 1135 581 inter
1164 530 1283 582 utrum-

177 669 237 731 que
260 648 410 734 spiritum
432 646 605 709 discrimen
628 645 796 730 reperitur,
819 645 886 706 sive
908 653 943 705 ut
968 641 1051 719 aliis
1065 641 1174 704 verbis
1198 654 1281 723 utar,

180 770 263 851 quod
284 780 398 833 neuter
418 768 655 854 pronuntiatur.
680 803 723 812 -
744 757 937 846 ’βρίσκονται
950 784 1007 850 per
1020 762 1219 850 aphaeresin
1230 786 1285 850 pro

180 883 385 970 εὑρίσκονται.
407 925 451 936 -
471 884 498 960 ’ς
519 879 560 949 τὰ
580 880 687 948 octium
708 908 767 976 pro
790 884 832 958 εἷς
854 877 895 947 sci
916 878 1024 947 σπίτια
1053 886 1104 949 vel
1133 896 1169 948 ut
1193 885 1284 950 hodie

180 1013 311 1100 plurimi
332 1014 477 1077 scribunt
497 1004 612 1089 cedrea
633 1013 656 1074 i.
679 1033 707 1075 e.
730 1002 862 1071 ὃσπίοια.
906 1011 994 1074 Nem
1015 1009 1121 1072 latine
1144 1028 1212 1072 vox
1233 1005 1284 1072 bo-

181 1132 317 1222 spitium
340 1155 399 1223 pro
422 1133 545 1219 quovis
562 1132 659 1198 domo
676 1137 748 1218 jem
770 1134 876 1198 media
898 1143 1006 1196 aetate
1029 1151 1049 1194 a
1073 1130 1213 1194 Graecis
1239 1153 1284 1195 ec-

184 1259 369 1344 cipiebotur.
393 1257 443 1321 Cf.
465 1258 614 1341 Ducang.
637 1257 660 1319 1.
676 1279 703 1320 c.
727 1256 851 1320 Toml
872 1276 903 1343 p.
929 1253 1015 1319 1060
1038 1275 1063 1316 s.
1087 1275 1117 1316 r.
1141 1247 1282 1330 ὁσπίοιον,

184 1381 239 1444 ubi
260 1391 294 1443 et
315 1368 460 1454 ὂσπήτιον
481 1392 514 1443 et
534 1371 689 1438 icosium
710 1379 865 1464 scriptum
887 1388 1003 1441 exstat.
1049 1375 1141 1439 Idem
1152 1377 1284 1440 Tomll

185 1522 217 1588 p.
242 1499 328 1568 1422
349 1513 478 1586 praeter
499 1492 583 1559 σπίτι
605 1501 724 1563 melem
744 1482 842 1564 hebet
862 1501 1055 1586 scripturam
1072 1490 1177 1574 σπίτη,
1200 1520 1285 1582 quan

187 1645 206 1686 c
228 1623 390 1685 mendosis
412 1623 608 1685 membranis
630 1624 810 1710 exscripsit.

316 1744 360 1806 V.
385 1741 436 1808 62.
483 1735 622 1822 θαῤῥετὰ
649 1755 799 1807 neutrum
827 1743 962 1831 pluralis
994 1744 1131 1837 numeri
1151 1745 1285 1808 adverbii

187 1867 294 1929 locum
323 1886 493 1952 occupans.
550 1865 681 1934 Etenim
708 1866 823 1949 vulgus
850 1886 977 1952 semper
1006 1867 1072 1928 sere
1100 1867 1183 1930 dicit
1210 1857 1288 1926 mid

188 2009 247 2074 pro
278 1987 400 2067 καλῶς,
423 1978 512 2066 σοφὰ
538 2009 596 2077 pro
625 1985 731 2067 σοφῶς
753 2001 786 2052 ct
807 2000 961 2078 sexcenta
983 1987 1058 2052 alia.
1112 1988 1162 2052 ct.
1188 1991 1286 2054 adnot

189 2112 230 2174 ad
251 2131 332 2174 vers.
356 2108 409 2176 72.
453 2111 514 2176 Est
536 2122 644 2174 eutem
667 2101 819 2190 subicio
840 2122 945 2174 ortum
960 2132 1001 2174 ex
1018 2102 1201 2190 ξοαρῤευτὸς,
1221 2134 1290 2195 quo·

189 2234 278 2296 niam
299 2235 336 2296 iu
357 2233 446 2318 vulgi
462 2254 610 2297 sermone
626 2223 771 2313 θαῤῥεύω
787 2254 846 2321 pro
863 2225 989 2312 ξοαῤῥέω
1005 2236 1177 2320 reperitur,
1193 2256 1213 2300 a
1231 2255 1290 2316 quo

190 2356 368 2440 posteriore
390 2347 543 2434 ξοαρῥητὸς
566 2357 773 2419 derivandum
796 2358 894 2419 fuisse
909 2357 1115 2419 manifestum
1132 2369 1192 2421 est·
1219 2357 1291 2422 cae

192 2487 296 2537 terum
317 2478 401 2538 sicut
423 2496 464 2538 ex
486 2465 659 2552 ἓαῤῥευτός
686 2475 726 2538 fit
747 2463 913 2554 βαῤῥετός,
941 2477 988 2539 im
1014 2471 1097 2558 ρἔα
1118 2500 1160 2542 ex
1183 2473 1290 2562 ῥεῦμα,

193 2583 327 2676 ἐ’μορφος
360 2618 402 2660 ex
435 2582 589 2678 εὔμορφος
619 2598 655 2661 in
688 2597 838 2685 populari
869 2598 999 2680 loquela
1019 2603 1127 2684 nasci,
1151 2604 1196 2666 ed
1218 2624 1290 2667 vers·

193 2716 236 2783 36
259 2720 490 2784 adnotavimus.
516 2755 558 2766 —
579 2710 676 2801 χωρὶς
689 2732 843 2807 perpetuo
858 2721 989 2786 adhibet
1005 2722 1120 2806 vulgus
1135 2745 1198 2811 pro
1213 2712 1294 2787 doec.
1324 2765 1326 2768 ψ

192 2838 244 2905 De
266 2842 389 2924 reliquo
412 2844 603 2906 eruditiores
625 2854 750 2907 tantum
772 2856 886 2908 nostra
908 2846 1063 2908 memorie
1090 2838 1191 2927 χωρὶς
1219 2859 1294 2912 vete·

194 2983 266 3024 rum
295 2963 475 3047 exemplum
503 2953 668 3027 imitantes
701 2968 772 3026 cum
802 2967 945 3048 genitivo
974 2952 1183 3052 construunt,
1214 2970 1295 3058 plebs

195 3082 464 3146 accusativumei
486 3082 645 3166 adjungit.

304 3229 308 3236 =
328 3203 371 3266 V.
396 3202 448 3269 63.
493 3194 648 3274 λανθάνει
670 3208 803 3290 antiquo
825 3210 1012 3294 significatu
1034 3211 1090 3277 bic
1111 3225 1179 3297 e‘st3
1208 3217 1298 3302 vulgo

197 3345 282 3391 nune
301 3324 469 3411 peccandi
491 3324 698 3414 errandique
719 3343 914 3418 potestatem
936 3333 1043 3399 hebet.
1065 3370 1111 3384 -
1138 3338 1194 3404 De
1217 3328 1300 3421 ψωμῖ

198 3450 269 3537 vide
291 3471 371 3531 quoe
393 3451 534 3514 diximus
557 3450 598 3514 ad
619 3470 747 3518 versum
768 3451 822 3518 45.
846 3490 890 3503 -
911 3451 1160 3539 καλοζυμωμέυο
1186 3465 1301 3528 omissa

197 3570 450 3656 reduplicatione
473 3584 504 3636 et
525 3573 635 3637 littera
656 3595 676 3633 o
698 3575 792 3641 finali
814 3588 863 3641 est
884 3580 1091 3667 participium
1112 3586 1197 3669 perf.
1220 3605 1300 3674 pass

172 3693 287 3806 ’verbi
308 3694 473 3776 popularis
496 3685 704 3775 καλοζυμόνω
727 3694 808 3762 bene
821 3696 1010 3785 fermento.
1034 3737 1078 3748 -

249 3903 253 3911 Ι
331 3811 373 3877 V.
400 3811 453 3877 64.
499 3802 638 3899 ἷζμορφον
667 3831 771 3881 ortum
800 3842 841 3883 ex
869 3809 1006 3902 ss'pcopcpov
1034 3825 1055 3886 i.
1080 3847 1107 3888 e.
1138 3813 1303 3911 εὔμορφον.

201 3930 249 3994 Cf.
273 3953 353 4013 quac
374 3939 555 4002 notavimus
579 3941 620 4003 ad
641 3961 721 4005 vers.
746 3938 789 4005 24
811 3956 843 4005 et
866 3943 919 4007 36.
951 3980 993 3991 -
1021 3936 1222 4034 λαλάγφιον,
1251 3972 1303 4041 pro

201 4073 261 4134 quo
284 4054 366 4117 salso
389 4047 467 4118 olim
488 4057 542 4122 hic
564 4062 729 4145 legebatur
745 4055 939 4146 φαλάγγιον,
961 4069 1036 4148 quid
1058 4071 1122 4134 sibi
1144 4074 1240 4157 velit,
1262 4095 1304 4138 ro·

201 4177 303 4240 feram
324 4178 429 4243 verbis
451 4179 515 4243 Ad.
539 4182 656 4248 Corsis
678 4184 719 4248 ad
740 4186 974 4276 Ptochoprodr.
997 4189 1051 4256 lib.
1072 4191 1108 4256 II
1129 4216 1215 4262 vers.
1237 4196 1305 4276 417,
