2684 4740
1086 217 1157 290 105

98 409 272 471 itatissimo
295 407 445 490 loquendi
468 429 585 493 genero
607 395 647 479 olo
668 394 741 485 ἦναι
763 405 808 473 sit
830 405 932 484 istud,
946 429 1052 491 quum,
1075 414 1157 493 quod

98 543 143 592 ter
166 532 257 611 dixit,
280 531 357 594 licet
378 533 467 618 prius
496 534 589 596 uobis
617 552 683 595 non
711 533 884 619 placuerit,
915 544 1024 596 tamen
1045 544 1159 620 postea

112 653 270 736 largimur
291 654 342 716 vel
364 667 450 717 certe
472 659 539 738 ejus
561 657 756 718 sententiam
781 658 972 742 impugnare
999 655 1157 719 uolumus.

98 767 272 855 -ἒμποῧμὲ
297 776 437 862 explicui
459 798 556 862 supra
578 798 607 841 v.
633 774 705 840 114.
746 812 788 824 —
825 769 945 857 ὀρδινιὰ
965 779 1016 842 vel
1038 770 1159 857 ὀρδιυία
1215 762 1219 770 ’

98 899 146 960 nd
175 901 370 962 recentiores
397 901 554 985 imprimis
581 911 629 963 est
649 897 751 979 ordo,
778 865 965 963 vocabulum
986 922 1006 963 a
1030 899 1158 963 Latinis

99 1032 208 1083 mtum.
231 1023 352 1085 Nostro
375 1022 445 1085 loeo
470 1018 558 1085 coici
580 1042 698 1085 nomen
721 1023 864 1101 quadrat.
888 1023 938 1084 lta
949 1026 1019 1103 jam
1035 1021 1103 1086 Leo
1121 1025 1157 1086 in

98 1144 183 1207 actio.
212 1163 280 1228 cap·
305 1143 326 1206 3
353 1126 409 1216 tuln
436 1135 472 1201 δὲ
500 1133 646 1217 τοιαύτην
673 1133 819 1223 ε’πιλογὴν
844 1133 901 1202 καὶ
928 1135 1068 1222 ὄρδινῖαυ
1096 1165 1160 1202 ποι.

98 1274 174 1333 τβαι
186 1257 219 1321 fou
232 1264 294 1332 eoin
312 1254 565 1343 aeooroollaput'otc.
588 1298 630 1309 -
652 1257 855 1344 ἀπαμελοῧμε
872 1256 1160 1345 incircumsciptum.

196 1385 236 1450 V.
261 1383 335 1450 217.
379 1378 504 1464 βροῦμέ
528 1385 577 1449 vel
599 1385 736 1467 βροῦμευ
757 1388 807 1451 vel
828 1385 952 1466 βρῶμεν
976 1385 992 1450 1
1016 1408 1099 1473 pers.
1116 1387 1159 1474 pl.

98 1526 130 1567 r.
160 1511 241 1590 conj.
271 1518 332 1569 aot.
363 1509 450 1570 verbi
477 1500 612 1587 εὑρίσκω
639 1531 698 1595 pro
726 1513 858 1591 antiquo
892 1497 1058 1598 εὕρωμεν.
1078 1511 1160 1592 quod

98 1629 148 1690 cti
168 1626 323 1710 hodieque
344 1631 498 1692 scribunt.
532 1663 581 1676 -=
607 1621 651 1689 ool
670 1624 850 1712 ’νδυῇοῦμέ
878 1631 894 1694 1
918 1652 1000 1717 pers.
1023 1631 1067 1719 pl.
1090 1654 1158 1697 aor.

98 1755 145 1834 nj.
174 1771 256 1836 pass.
291 1753 378 1814 verbi
406 1744 505 1809 tuoto
531 1751 583 1814 vel
611 1741 744 1828 ἕνδΰυω,
772 1774 831 1838 pro
861 1773 923 1832 qua
949 1757 1052 1817 forma
1074 1757 1161 1820 docti

98 1872 203 1936 teiam
226 1893 315 1936 more
337 1871 488 1935 adhibere
508 1873 613 1936 solent
629 1869 819 1954 ἐυδυβῶμεν.
856 1874 908 1935 Ita
923 1873 1160 1942 scilicetemen-

98 1998 202 2059 ‚ndum
230 2017 300 2058 esse
329 1998 411 2076 quod
438 1995 534 2078 vulgo
562 1994 616 2057 hic
643 1995 808 2077 legebatur
836 1986 1009 2073 dutaodpe
1038 2009 1071 2059 et
1098 1997 1162 2062 loci

98 2124 157 2203 rjus
173 2121 259 2182 ratio
280 2130 313 2181 et
329 2119 438 2182 Cmsii
460 2118 633 2180 auotoritas
656 2117 766 2206 vincit,
791 2119 845 2197 qui
867 2117 963 2179 vertit
984 2125 1022 2179 ut
1044 2115 1162 2182 indua-

98 2262 145 2304 ω’.
191 2242 277 2304 Nam
299 2241 375 2304 lieet
396 2240 453 2303 ille
475 2240 565 2303 aliud
586 2241 622 2302 in
644 2250 734 2302 textu
755 2238 882 2317 habeat,
906 2237 994 2300 aliud
1007 2241 1044 2302 in
1058 2253 1161 2306 trans-

98 2343 193 2460 tione‚
217 2348 336 2443 tamen,
361 2363 515 2445 quomodo
537 2361 618 2427 haec
640 2362 808 2425 diversitas
832 2362 1002 2451 exstiterit,
1020 2367 1057 2427 in
1070 2385 1161 2452 prae·

98 2488 183 2551 tione
205 2487 340 2550 ostendi.

194 2593 237 2672 V.
262 2607 336 2673 218.
382 2599 425 2668 νὰ
445 2603 656 2688 pammac
679 2627 719 2667 ex
741 2607 843 2691 plebis
860 2609 1090 2670 consuetudine
1104 2631 1163 2694 pro

98 2730 288 2813 κξωχῇῶμεν
313 2733 329 2795 'l
353 2752 436 2817 pers.
460 2731 504 2815 pl.
527 2749 593 2792 aor.
618 2733 701 2810 conj.
723 2747 808 2812 pass.
831 2728 919 2788 verbi
941 2727 1082 2790 anomali
1103 2752 1165 2806 μα.

98 2879 155 2916 uo.
202 2829 278 2919 Vid.
307 2876 386 2919 vers.
419 2851 492 2916 187.
523 2886 566 2898 —-
599 2840 640 2909 vd
667 2837 724 2908 uo'e’
755 2849 777 2912 i.
806 2870 834 2912 e·
863 2840 907 2907 od
935 2837 1055 2928 adpro,
1085 2869 1165 2930 quae

100 2996 172 3039 rma
192 2997 248 3062 por
269 2977 461 3064 aphaeresin
489 2988 521 3037 et
542 2993 707 3060 syncopen
727 2973 869 3036 breviata
892 2985 941 3038 est
970 2995 1011 3035 ex
1037 2961 1165 3054 ὑπάγω.

98 3122 135 3162 rv.
181 3100 228 3164 Cf.
250 3101 387 3165 Davldis
408 3100 541 3178 παραλλ.
562 3113 588 3156 7¹.
611 3092 671 3162 ἑλλ,
695 3119 725 3157 aa.
748 3121 797 3177 γρ.
818 3099 869 3176 γλ.
891 3119 959 3173 κεφ.
982 3087 1010 3154 α’
1029 3118 1166 3178 παραγρ.

108 3226 173 3284 σελ.
197 3221 227 3286 lt.
252 3257 296 3268 -
318 3215 451 3301 εὑροῦμε
473 3223 494 3284 i.
518 3239 547 3301 q.
571 3216 688 3299 βροῦμε
710 3239 790 3281 vers.
815 3218 959 3302 praeced.

199 3344 241 3410 V.
265 3341 341 3408 219.
385 3338 490 3413 τοῦπος
511 3341 686 3424 vulgariter
702 3362 761 3427 pro
785 3327 881 3410 οὗτος.
903 3373 947 3384 -
970 3323 1072 3412 ἕπαψε
1094 3339 1117 3401 i.
1137 3361 1164 3400 a.

98 3487 198 3545 εαυσε,
220 3479 256 3530 ut
277 3488 357 3533 vers.
383 3466 456 3532 119.
479 3500 523 3511 -
545 3456 764 3544 ἀποκριῇῆκαν
785 3462 881 3525 metri
903 3438 1000 3523 causa
1016 3479 1076 3544 pro
1092 3448 1166 3518 ἀπο.
1267 3501 1269 3509 .

98 3585 226 3673 ,ἔθηκαν
247 3592 267 3654 i
291 3613 317 3656 e.
340 3580 568 3670 ἀπεκρίξησαν.
614 3587 661 3650 Cf.
685 3586 791 3649 adnot.
814 3585 957 3647 advers.
981 3579 1034 3644 31.
1070 3575 1076 3586 ’
1132 3595 1136 3606 ·

199 3702 242 3775 V.
265 3711 338 3778 220.
384 3701 580 3793 oiuossroioopee
601 3709 777 3793 vulgariter
798 3726 857 3793 pro
879 3692 1102 3785 ἀποῇάυωμεν.
1127 3739 1168 3752 -

98 3835 221 3913 tudano,
242 3849 279 3900 nt
300 3857 397 3922 supra
418 3856 500 3899 vers.
524 3833 575 3898 10.

200 3960 242 4022 V.
267 3957 342 4021 Μ.
387 3951 418 4017 τί
443 3954 538 4037 λογῆς
565 3976 623 4040 pro
651 3945 731 4022 τίνος
759 3947 853 4032 duplic
881 3949 932 4013 vel
959 3940 1050 4020 ποίας
1075 3947 1171 4032 duplic

98 4085 162 4172 rjus
183 4079 326 4168 generis.
373 4081 425 4148 De
446 4077 599 4141 vocabulo
621 4068 699 4157 λογή
722 4075 791 4140 dixi
813 4073 854 4136 ad
876 4092 957 4135 vers.
982 4070 1055 4135 148.
1106 4072 1171 4135 No-

98 4209 204 4274 ndum
227 4217 344 4286 autem‚
367 4206 403 4269 in
422 4201 550 4285 vulgari
564 4198 710 4263 sermone
725 4189 755 4260 τί
768 4198 804 4260 in
820 4194 1007 4275 quibusdam
1022 4193 1172 4272 loquendi
