2684 4740
129 258 176 332 46

130 445 262 528 στάδην.
307 448 429 513 lllstor.
454 447 624 535 Apollonii
646 445 742 527 Tyrii
763 438 791 503 κ’
823 434 881 505 ἕνα
908 435 1006 503 κλειδὶ
1027 435 1071 502 aab
1095 438 1231 504 ordaeaar

129 574 172 648 εἰς
193 563 234 634 rol
253 561 339 634 ’δικά
361 587 417 630 του
437 563 542 649 χέρια,
564 589 656 652 quem
679 568 784 631 lacum
807 566 953 651 Ducang.
977 566 1076 650 gloss.
1101 568 1185 631 mad.
1203 580 1231 632 at

129 701 186 764 inl.
209 716 258 782 gr.
281 714 353 782 pag.
380 690 475 758 1439.
499 692 635 757 laudans
657 689 742 754 male
763 690 896 776 scripsit
917 680 1022 765 κλειδή
1044 711 1097 749 aa.

258 806 401 899 δςαβάζω
423 817 444 879 i.
469 837 496 879 a.
526 802 770 904 aluquntdoao.
821 813 987 888 Quomodo
1016 809 1154 898 legendi
1180 834 1228 877 no

129 945 175 1007 tio
197 944 233 1006 iu
256 939 319 1003 hoe
340 938 528 1002 vocabulum
551 937 645 1000 illata
667 938 720 1018 sit,
744 937 881 999 sortasse
903 956 970 999 non
993 936 1128 999 difficile
1151 934 1228 1000 dictu

129 1077 187 1130 est.
211 1051 354 1143 διαβάζω
375 1081 443 1125 uon
466 1060 617 1124 existimo
637 1080 695 1147 pro
719 1059 895 1145 composito
911 1060 1133 1143 antiquissimi
1148 1061 1227 1123 verbi

129 1177 237 1268 βάζειν
259 1180 353 1269 loqui
374 1182 558 1247 habendum
580 1202 661 1263 esse,
684 1182 740 1246 sed
762 1182 848 1245 idem
870 1182 967 1245 luis'sa
983 1183 1137 1269 primitus
1152 1183 1226 1266 quod

126 1300 302 1389 διαβαδίςω
329 1310 362 1393 at
388 1295 544 1386 διαβαίνει)
573 1306 594 1367 i.
618 1327 645 1367 e.
675 1313 825 1385 transeo,
859 1309 949 1389 eujus
981 1304 1224 1386 significationis

125 1432 290 1521 praesidia
311 1408 384 1492 aum
405 1426 547 1507 aliunde,
570 1439 638 1490 tum
661 1448 702 1490 ex
724 1423 926 1491 substantivo
948 1413 1047 1509 βάδος
1070 1427 1134 1509 (el.
1153 1428 1224 1505 ,Ari-

126 1553 231 1641 stoph.
256 1543 304 1615 aa.
328 1547 400 1629 ll.)
421 1551 489 1635 peti
511 1559 657 1634 possunt.
691 1550 814 1624 Quodsi
830 1550 995 1636 probabile
1010 1561 1069 1630 est,
1088 1540 1223 1630 ababa

125 1675 255 1765 proprie
278 1671 415 1735 valuisse
438 1672 637 1750 tantundem,
660 1682 812 1753 quantum
834 1662 1005 1750 διαβαίυω,
1027 1666 1156 1737 nemini
1177 1673 1223 1736 du.

58 1843 68 1857 .
125 1801 212 1864 bium
236 1797 307 1875 erit,
328 1796 408 1876 quin
432 1816 473 1858 ex
495 1789 696 1857 transeundi
725 1806 885 1878 potestate
914 1791 1049 1880 legendi
1077 1797 1129 1859 vis
1157 1815 1222 1860 mox

126 1923 282 1986 exsistere
303 1918 456 2003 potuerit,
480 1936 561 1999 quae
582 1918 743 2003 posterior
770 1918 905 1998 mansit,
928 1917 1006 1980 lieet
1027 1920 1121 2003 prior
1142 1938 1223 2006 pror·

125 2066 180 2110 sus
201 2041 377 2109 evanuerit.
422 2040 498 2105 Non
520 2039 616 2104 aliter
639 2038 763 2102 Gellius
785 2038 857 2120 IX,
881 2037 911 2103 4.
935 2039 1060 2103 locutus
1082 2054 1143 2123 est,
1160 2043 1221 2124 qui:

126 2187 209 2251 „eos
236 2165 336 2228 libros
359 2183 480 2244 amnas,
509 2163 630 2255 iuquit,
660 2163 780 2229 duabus
807 2163 965 2251 proximis
986 2164 1137 2229 noctibus
1156 2183 1221 2227 eur·

123 2292 185 2356 sim
206 2283 369 2358 transeof'
391 2284 423 2349 h.
439 2308 466 2349 e.
490 2287 630 2371 perlego.

256 2409 298 2469 V.
323 2407 353 2470 5.
399 2407 454 2467 aad
486 2397 671 2483 oopbraaov
698 2409 793 2470 metri
821 2426 920 2470 eausa
945 2427 1004 2491 pra
1033 2399 1222 2485 cosmatem.

83 2513 85 2517 ὗ
123 2534 209 2597 Nam
232 2528 416 2593 Demetrius
432 2529 542 2592 Zenus
564 2529 687 2615 paritor
709 2539 804 2611 atque
827 2530 885 2594 alii
907 2541 1032 2616 poetae,
1050 2531 1105 2613 qui
1120 2532 1223 2617 politi·

125 2657 171 2719 eis
193 2653 335 2718 versibus
357 2655 410 2716 usi
432 2665 516 2733 sunt,
540 2655 634 2717 metri
658 2673 754 2717 eausa
776 2640 964 2718 accentuum
978 2654 1086 2718 sedem
1103 2669 1221 2722 mutare

124 2799 287 2860 nunquam
321 2778 556 2857 reformidavit,
592 2783 683 2862 eujus
717 2780 848 2860 generis
880 2777 981 2843 maulia
1013 2778 1165 2865 exempla
1192 2790 1222 2843 et

124 2901 280 2964 Carmina
308 2898 475 2982 popularia
498 2920 518 2961 a
544 2899 703 2962 Faleriale
732 2900 881 2977 (Chants
909 2899 1096 2985 populaires
1127 2904 1166 2965 de
1192 2902 1220 2966 la

124 3021 225 3083 Grboe
247 3019 408 3094 moderna,
432 3017 593 3080 recueillis
616 3030 649 3081 et
669 3017 793 3104 publids
814 3039 875 3103 par
898 3020 935 3082 0.
957 3019 1097 3083 Fauriel.
1128 3024 1219 3088 Deux

124 3155 233 3205 tomes.
280 3128 316 3204 av
333 3139 445 3207 Paris.
464 3137 548 3206 1824
583 3152 615 3207 et
646 3131 763 3221 1825.)
794 3141 881 3204 edita
920 3140 1096 3203 continent.
1155 3146 1221 3210 Etsi

121 3266 208 3328 enim
228 3262 432 3350 politicorum
453 3283 601 3327 versuum
623 3266 707 3328 ratio
729 3263 880 3351 postulat,
903 3276 939 3327 ut
960 3275 1074 3352 poetae
1097 3268 1134 3330 in
1151 3287 1221 3334 eon-

122 3389 235 3453 dendis
263 3385 359 3471 hujus
388 3388 516 3471 generis
543 3390 741 3452 carminibus
768 3390 932 3452 verbomm
961 3402 1129 3452 aooeutam
1153 3402 1222 3459 tan-

122 3532 216 3595 quam
238 3528 385 3574 normam
406 3522 595 3592 sequantur,
618 3511 668 3574 illi
691 3523 799 3575 tamen
820 3512 904 3578 mira
930 3531 1163 3593 nonnunquam
1185 3515 1223 3578 li.

121 3609 227 3699 centia
255 3634 318 3695 sibi
345 3644 449 3696 sumta
476 3653 535 3724 pro
563 3635 721 3697 arbitratu
749 3646 913 3698 aeoentum
941 3645 1117 3722 mutarunt.
1164 3634 1222 3700 Sla

120 3755 309 3822 Theodorus
332 3755 527 3822 Prodromus
550 3757 589 3821 de
610 3768 800 3846 paupertate
821 3778 881 3823 sua
903 3777 984 3823 vers.
1009 3755 1061 3821 47.
1090 3779 1165 3845 pag.
1190 3760 1220 3826 3.

117 3880 165 3943 ed.
192 3878 282 3941 Cor:

145 4045 149 4050 -
229 3996 256 4059 εἰ
276 3990 341 4082 γὰρ
360 3991 416 4058 καὶ
437 3995 534 4080 λέξων
554 3988 648 4082 ἥρκο
655 4023 729 4080 μην
743 3999 980 4084 μυῂοπλαοτῶυ
994 3992 1064 4072 τοὺς
1082 3994 1200 4086 λόγους

118 4138 150 4190 et
169 4145 249 4190 vera.
273 4121 326 4187 49.
351 4117 385 4180 ἓν
406 4114 457 4182 σοὶ
477 4114 542 4205 γὰρ
565 4116 790 4205 ε’γκατοίκησεν
809 4120 828 4200 ἡ
850 4120 907 4185 aod
934 4123 1014 4193 &aad
1040 4121 1221 4211 προυοία,

119 4251 155 4317 ia
178 4251 289 4337 quibus
312 4245 392 4311 loeis
414 4265 472 4333 pro
495 4235 636 4329 iamiqu
658 4258 691 4311 et
712 4241 842 4344 oposeta
869 4221 1120 4337 exspectandum
1150 4264 1222 4320 erat
