2684 4740
211 234 277 304 tto

204 431 285 492 ditio
308 439 367 506 est,
390 437 498 489 tamen
521 425 554 487 id
577 421 660 504 quod
684 419 847 485 infinitivo
877 438 947 482 oum
970 408 1014 511 ἂν
1036 418 1250 500 enuntiatur,
1275 421 1314 482 sio

206 562 333 614 tantum
356 549 428 612 fieri
451 567 546 632 posse
569 545 699 623 dicitur,
722 545 751 607 si
775 545 827 606 oui
850 541 1029 606 conditioni
1052 542 1262 606 satisfactum
1275 544 1313 606 lu·

184 675 282 735 'et-it.
328 671 370 732 Et
392 670 508 733 aoristi
532 668 658 749 quidem
681 665 844 729 infinitivo
867 686 939 729 eum
961 660 1024 727 hau
1046 664 1214 749 particula
1235 678 1312 728 uten-

207 795 282 856 ‹lnm
306 795 383 872 erit,
408 792 437 854 si
461 791 657 852 mentionem
681 789 816 851 facimus
838 787 976 851 aetionis
998 797 1055 849 aut
1077 787 1144 849 eito
1169 791 1310 851 transitu

207 937 264 978 rae
288 927 344 977 aut
365 912 465 977 semel
487 915 623 991 suturae,
646 912 827 997 praesentis
851 909 1025 986 infinitivo,
1048 909 1079 971 si
1101 908 1266 990 loquimus
1280 911 1308 973 do
1338 891 1340 899 ¹

209 1039 339 1100 actione
363 1036 516 1098 duratura
538 1033 588 1097 vel
610 1035 740 1119 saepius
764 1035 880 1097 lutura.
930 1032 1080 1113 Denique
1105 1051 1191 1112 quae
1212 1035 1308 1118 prolu-

208 1158 325 1222 bilibus
349 1159 438 1220 ducti
461 1156 663 1239 argumentis
686 1167 839 1218 eventura
860 1176 930 1219 esse
953 1153 1150 1236 colligimus,
1177 1175 1227 1234 ea,
1248 1175 1307 1236 quo

210 1283 299 1344 niam
331 1282 447 1342 utinum
476 1281 577 1357 louet,
607 1279 637 1341 si
665 1296 732 1341 non
762 1279 961 1357 acciderent,
984 1277 1071 1358 qma,
1095 1296 1156 1338 eur
1181 1278 1306 1340 accidere

209 1403 346 1464 debeant
368 1401 547 1463 rationibus
570 1400 707 1485 probare
729 1419 907 1485 possumus,
931 1398 1146 1485 exprimenda
1170 1411 1245 1463 sunt
1262 1419 1305 1463 nu·

210 1524 260 1585 (lis
292 1523 405 1584 aoristi
435 1533 468 1583 et
496 1521 677 1606 praesentis
712 1521 892 1584 infinitivis.
950 1521 989 1584 ln
1017 1539 1082 1602 quo
1110 1521 1199 1586 illud
1224 1524 1306 1586 etiam

211 1644 341 1706 evidens
364 1655 425 1721 est,
449 1644 609 1706 actionem
633 1645 743 1722 istam,
767 1644 910 1724 quamvis
934 1645 1091 1722 suturam,
1115 1645 1169 1708 sio
1188 1666 1207 1710 a
1225 1646 1307 1709 nobis

210 1779 410 1852 perspectam
434 1786 514 1845 esse,
537 1781 573 1827 ut
595 1767 624 1828 si
646 1765 697 1827 vel
719 1785 806 1828 nuno
828 1766 887 1829 fiat
908 1765 959 1829 vel
981 1766 1068 1829 faeta
1085 1768 1162 1849 jam
1183 1767 1232 1837 ait.
1249 1767 1306 1830 lta·

211 1908 270 1969 que
294 1887 410 1950 Graeci
433 1899 466 1951 et
487 1887 555 1967 illa,
580 1908 660 1968 quae
682 1886 802 1949 nullius
826 1888 979 1972 temporis
1002 1889 1141 1973 propria
1164 1903 1246 1971 sunt,
1261 1889 1305 1954 sel

212 2010 300 2072 omni
323 2021 431 2072 aetate
453 2011 563 2073 eodem
588 2010 681 2072 modo
704 2009 810 2072 solent
832 1986 1037 2092 contingere,
1068 2013 1098 2074 si
1122 2014 1251 2094 quando
1269 2014 1304 2076 lu-

211 2142 285 2194 tura
309 2133 457 2194 videntur
479 2142 512 2194 et
535 2131 682 2213 obliquae
705 2133 848 2196 orationi
870 2133 1077 2214 inseruntur,
1100 2132 1168 2199 hae
1196 2135 1304 2200 dicendi

212 2255 312 2315 forma
338 2265 461 2316 notant.
507 2254 566 2317 Est
588 2256 688 2348 igitur
711 2247 823 2330 ἐλπίζω
845 2242 943 2314 αὐτὸν
964 2243 1104 2336 γράψειν
1126 2277 1226 2346 spero
1244 2276 1303 2323 eum

210 2371 412 2459 scriptur-um
437 2394 509 2438 esse
531 2377 562 2437 ei
585 2377 753 2438 dicendum
777 2381 831 2458 qui
855 2379 986 2440 minime
1003 2375 1233 2449 dubiosum
1243 2400 1301 2444 eau-

210 2495 256 2556 sis
284 2495 432 2569 innixus,
463 2496 510 2557 ita
537 2497 657 2559 statuit.
685 2532 687 2537 ·
710 2496 834 2562 Contra
857 2491 967 2572 ἐλπίζω
995 2490 1098 2564 αὐτὸν
1125 2488 1167 2565 iio
1189 2491 1300 2585 γράψαι
1337 2516 1340 2548 ²

210 2634 309 2702 spero
332 2635 404 2679 euim
428 2616 548 2698 (forte)
571 2614 774 2705 scripturum
797 2622 825 2684 is
849 2621 936 2701 dicit,
959 2625 1014 2704 qui
1027 2627 1184 2712 opinatur
1194 2626 1297 2708 quiden
1334 2637 1340 2677 t

210 2737 346 2802 alterum
368 2741 561 2826 scripturum
584 2762 664 2818 esse,
687 2741 743 2806 sed
766 2744 989 2830 scripturusne
1018 2746 1064 2808 sit
1086 2745 1165 2831 ille,
1191 2769 1232 2814 an
1252 2747 1294 2811 ni·
1332 2763 1340 2796 1

211 2879 272 2923 nus
302 2861 448 2942 ignorat,
483 2864 558 2943 quio
587 2865 750 2929 scribendi
781 2877 872 2930 aetus
899 2886 940 2929 ex
968 2867 1159 2934 conditione
1185 2843 1291 2955 quadan
1331 2880 1340 2922 λ

209 2980 341 3062 pendet,
370 2998 432 3059 qua
461 2993 517 3042 aut
544 2983 675 3067 impleta
703 2996 760 3048 aut
793 3006 860 3050 non
887 2988 1019 3075 impleta
1047 2989 1106 3054 ille
1141 2995 1289 3080 setiptmn
1333 3003 1340 3043 ί

211 3111 267 3161 eut
290 3118 356 3162 non
378 3102 554 3187 scripturus
576 3115 635 3167 est.
679 3105 734 3170 Ab
756 3105 818 3170 hoe
842 3110 889 3173 ita
911 3110 1070 3175 duntaxat
1092 3106 1289 3203 discrepatil·
1329 3119 1339 3167 t

208 3212 285 3294 πίζω
308 3211 405 3282 αὐτὸν
427 3209 470 3282 ‹lv
490 3213 634 3311 γράφειν,
658 3240 694 3293 ut
716 3231 848 3294 omnino
870 3233 957 3296 modi
978 3232 1180 3302 nonistorum
1196 3254 1289 3326 ωριτε·
1328 3254 1340 3306 ’ί

208 3345 346 3407 sentium
370 3357 549 3432 temporum
571 3348 679 3413 modis
696 3351 856 3416 differunt.
908 3354 994 3419 Nam
1022 3356 1052 3420 si
1083 3351 1201 3434 ἐλπίζω
1219 3348 1289 3420 uu’tit
1327 3374 1340 3427 t

207 3452 250 3524 ‹iit›
270 3458 395 3548 γράψαι
419 3487 490 3531 eum
512 3462 623 3556 ἐλπίζω
643 3464 743 3534 αὐτὸν
764 3460 807 3534 uin
827 3465 963 3557 γράφειν
983 3493 1205 3566 eomparatur,
1224 3480 1288 3572 pli!
1326 3500 1340 3553 l

207 3596 257 3648 est
284 3608 397 3686 opero·
411 3611 484 3654 eum
512 3591 637 3674 (sorte)
652 3593 773 3673 “semel
798 3594 1001 3684 scripturum
1028 3619 1104 3666 esse
1131 3605 1186 3670 vel
1216 3616 1287 3694 w
1325 3624 1340 3676 t

207 3725 281 3769 eum
309 3708 432 3792 (sorte)
461 3710 530 3778 cito
558 3713 761 3802 scripturum
787 3707 876 3797 eone,
907 3723 1083 3809 posterius:
1113 3745 1218 3812 spero
1231 3737 1286 3792 w
1324 3743 1340 3805 ε

208 3825 266 3890 diu
290 3826 492 3914 scripturum
514 3856 587 3902 esse
608 3839 658 3902 vel
680 3859 778 3928 spero
801 3860 876 3908 etan
897 3841 1035 3931 saepius
1057 3843 1285 3936 scriptum
1324 3871 1340 3922 ν

207 3968 234 4010 o.
257 3951 286 4011 si
309 3950 348 4013 de
371 3955 516 4038 epistolis
547 3963 657 4044 agitur
684 3981 782 4048 spero
811 3985 885 4030 eum
912 3966 1151 4036 commercium
1179 3971 1285 4040 tinen
1322 3988 1340 4029 Ι

204 4089 277 4132 rum
300 4091 424 4138 ”tecum
447 4075 608 4146 initurum
629 4103 710 4148 esse·
761 4086 908 4171 Denique
931 4081 1042 4164 ἐλπίζω
1064 4085 1168 4156 αὐτὸν
1187 4084 1284 4180 Μ’
1322 4116 1340 4170 ἲ

204 4205 236 4257 et
258 4187 368 4269 ἐλπίζω
391 4188 489 4258 αὐτὸν
509 4194 650 4284 γράφειν
667 4205 777 4276 eodem
800 4213 983 4296 praesentis
1004 4225 1037 4277 et
1060 4218 1183 4286 norieti
1204 4214 1283 4284 molt
1322 4245 1340 4261 ·
