2684 4740
118 155 165 226 88

121 367 179 414 oro
202 343 272 423 hio,
292 363 331 410 os
352 337 488 408 ridendi
509 357 617 404 caasa
640 333 772 400 diduco.
819 333 915 413 Quod
937 351 1032 414 qnam
1050 311 1224 412 quis'laoia

123 460 295 561 compluat
315 467 407 550 quasi
430 475 536 546 atque,
551 463 588 541 *si
610 463 657 524 ita
679 459 767 541 loqui
788 458 877 536 lieet,
901 464 1117 537 corrugatea
1139 463 1225 538 parto

122 593 246 657 faeiem.
281 588 323 656 Si
344 590 445 673 igitur
466 606 543 651 vera
564 596 614 648 est
635 582 716 648 haee
738 585 934 666 conjectura,
957 576 1052 641 laoile
1075 573 1223 656 intelligi,

124 726 187 795 tur,
211 734 267 777 eur
290 701 412 793 ζαρόνω
428 731 448 774 a
463 693 570 789 σαρόω
593 707 751 790 originem
773 701 908 768 trahens
923 699 1027 779 illam,
1050 717 1149 779 quam
1168 718 1225 759 ane.

125 836 264 914 moravi,
291 843 484 922 potestatem
513 829 640 894 habeat.
685 824 815 892 Similis
838 826 905 888 lere
929 822 1045 886 Corais
1068 821 1225 884 sententia

126 968 177 1022 est
201 950 319 1021 ’Arana
348 953 479 1021 Toni
506 973 537 1041 p.
567 949 649 1032 213,
679 950 735 1033 qui
767 963 877 1014 tamen
908 943 1005 1033 paulo
1035 942 1134 1021 aliter
1164 963 1224 1007 ren

127 1079 287 1146 tractavit.
728 1135 733 1144 .

258 1196 299 1264 V.
326 1196 397 1265 193.
443 1188 644 1279 εὐφραίνων
670 1214 730 1282 pro
753 1183 944 1274 εὐφραίνετο.
998 1189 1148 1254 Barbare
1177 1187 1224 1251 lrio

128 1321 287 1405 adjectum
316 1332 366 1384 est
393 1341 430 1398 ν,
458 1321 543 1401 quod
571 1319 761 1383 vetustiores
789 1325 822 1378 et
849 1314 955 1377 tertiis
977 1312 1128 1398 personis
1150 1313 1224 1394 sing.

128 1441 210 1528 Imp.
233 1442 308 1506 Aet.
332 1442 500 1524 adjiciunt,
523 1439 610 1504 velut
625 1407 953 1524 Ptoeltoprodromus‚
976 1436 1030 1516 qui
1045 1435 1103 1497 lib.
1119 1433 1137 1498 l
1153 1431 1224 1499 aas

129 1554 186 1622 καὶ
208 1552 315 1642 φέρειν
337 1544 442 1640 habet,
466 1561 548 1642 quod
570 1561 792 1648 accipiendum
813 1570 862 1622 est
882 1579 942 1644 pro
964 1546 1019 1616 ani
1042 1549 1156 1636 ἐφόρει.
1185 1555 1227 1619 cf.

132 1683 247 1753 corais
271 1684 525 1748 observationem
548 1682 589 1746 ad
611 1684 709 1745 istum
736 1680 851 1744 locunt.
902 1679 988 1742 Vide
1015 1689 1049 1742 et
1077 1699 1159 1759 quae
1184 1699 1228 1742 su-

130 1825 191 1892 pra
213 1806 418 1893 exposuimus
439 1807 481 1870 ad
503 1825 584 1869 vers.
609 1802 661 1868 13.
693 1838 733 1850 -
755 1791 866 1906 &doeg
893 1799 913 1866 3
936 1821 1019 1887 pers
1048 1802 1134 1885 sing.
1155 1801 1253 1888 Imp·

131 1926 202 1990 lnd.
225 1927 299 1993 Aet.
321 1928 411 1994 verbi
433 1922 528 2009 θωρῶ
550 1927 635 2016 apud
656 1925 785 2010 vulgum
807 1924 922 1988 usitati
942 1943 1003 2011 pro
1025 1922 1145 2005 θεωρῶ.
1171 1926 1231 1987 No.

132 2050 266 2113 tandum
293 2069 370 2114 vero
399 2041 509 2131 βώρειε
535 2051 666 2138 proprie
692 2046 778 2112 nihil
804 2069 890 2128 asse,
912 2048 990 2109 'nisi-
1012 2048 1148 2110 formam
1170 2067 1233 2111 non

133 2182 331 2237 contractam
353 2137 581 2260 aloesssa‘njas
607 2171 785 2260 penultima
806 2170 931 2254 syllaba
953 2171 994 2232 ob
1015 2169 1175 2252 synizesin
1196 2169 1256 2236 in.

133 2314 160 2351 δι
182 2306 304 2365 mutata
326 2307 384 2360 est
433 2295 485 2360 De
517 2297 699 2379 synizeseos
736 2315 797 2359 usu
828 2303 1061 2357 commentatus
1093 2313 1164 2355 sum
1195 2293 1235 2355 ad

132 2413 268 2500 Dialogi
290 2437 371 2481 vers.
396 2416 425 2480 1.
481 2416 529 2480 ct.
552 2428 719 2503 praeterea
740 2419 780 2480 de
802 2413 865 2478 lrao
887 2418 990 2479 forma
1011 2414 1150 2488 Davidis
1170 2415 1232 2478 Me'·

132 2534 229 2604 thode
251 2556 333 2623 pour
355 2537 479 2600 &tudier
501 2537 534 2602 la
556 2537 675 2623 langue
697 2558 745 2623 gr.
769 2538 853 2605 mod.
875 2558 950 2624 pag.
974 2533 1025 2607 46.

194 2634 197 2642 ,
264 2658 305 2725 V.
333 2655 404 2723 124.
448 2658 599 2742 κολυμπῶ
619 2669 716 2737 nato,
737 2664 867 2726 verbum
888 2660 1058 2746 plebejum‚
1094 2681 1232 2748 proquo

134 2780 251 2857 eruditi
274 2783 477 2865 antiquorum
500 2805 589 2848 more
612 2783 763 2866 κολυμβῶ
785 2783 938 2849 adhibere
960 2782 1077 2846 solent.
1112 2817 1159 2842 ε-
1189 2783 1234 2848 Do

134 2903 237 2968 forma
248 2895 373 2985 ἀπόρειε
384 2906 467 2969 idem
481 2907 703 2988 judicandum,
717 2909 799 2988 quoal
811 2908 849 2970 de
862 2896 972 2986 &ripen
982 2907 1077 2970 modo
1090 2908 1234 2971 diximus.

263 3024 306 3085 V.
330 3022 403 3088 125.
446 3026 499 3089 De
522 3030 676 3120 junctura
705 3023 741 3088 ἐκ
762 3018 817 3103 τὴν
837 3025 900 3110 γῆν
927 2987 998 3092 Esxi
1020 3028 1060 3092 ad
1084 3049 1169 3094 vers.
1191 3027 1236 3093 60.

139 3177 179 3190 -
200 3137 430 3226 ξεμακραίνειν,
452 3149 536 3231 quod
559 3148 692 3213 Crusius
714 3151 849 3215 barbare
871 3154 967 3217 vertit
988 3146 1151 3238 elongari
1171 3149 1237 3234 (s’i-

135 3265 286 3352 loigner)
309 3271 478 3336 transitive
500 3282 533 3335 et
555 3272 759 3337 intransitive
782 3274 911 3356 dieitur,
933 3275 981 3338 ita
1002 3285 1039 3338 ut
1059 3273 1113 3339 vel
1135 3293 1238 3340 remo·

135 3408 224 3472 vere,
248 3390 299 3456 rel
320 3391 497 3469 removeri,
519 3405 553 3458 et
575 3389 707 3480 longiae
728 3393 885 3464 recedere
907 3397 988 3460 verti
1011 3408 1117 3480 queat.
1158 3398 1240 3463 Con·

136 3521 201 3573 stat
223 3510 285 3576 hoo
307 3517 437 3581 verbum
459 3540 478 3580 e
499 3518 737 3606 praepositione
760 3513 804 3600 ἐξ,
826 3519 883 3583 sed
905 3520 1032 3583 inverso
1054 3519 1240 3585 litterarum

135 3632 265 3714 ordine,
295 3636 342 3699 ita
364 3648 400 3701 ut
421 3641 455 3717 ξε
481 3648 584 3723 sonet,
615 3653 649 3705 ot
670 3643 847 3705 reoentiore
870 3643 1023 3707 vocabulo
1045 3635 1242 3725 μιακραίνειν.

135 3753 267 3818 Pariter
289 3756 405 3823 Graeci
427 3761 538 3826 dieunt
564 3755 734 3844 ξεκαρδίζω
757 3760 907 3828 animam
929 3761 1074 3852 alicujus
1087 3761 1242 3856 frango,

136 3884 313 3952 consterno
336 3875 495 3966 aliquem,
517 3874 699 3963 ξεκλειδόνω
720 3883 821 3951 clave
842 3883 979 3973 operio,
1005 3883 1166 3967 recludo,
1193 3909 1244 3955 re·

135 4015 227 4079 seno,
254 3998 390 4076 ξεκολλῶ
422 4000 595 4091 deglutitae
632 4018 665 4072 et
692 4006 795 4074 multa
824 4008 907 4087 alia,
930 4011 965 4074 in
988 4012 1102 4093 quibus
1124 4016 1162 4092 ξε
1183 4033 1242 4102 pro

137 4114 170 4199 ἐξ
192 4123 356 4210 reperitur.
401 4125 449 4191 At
470 4129 631 4194 interdum
652 4129 756 4203 solum
777 4133 804 4210 ξ,
817 4145 854 4197 ut
876 4134 1006 4218 signum
1028 4132 1128 4222 hujus
1151 4156 1243 4235 prae-
