2684 4740
1194 221 1240 290 85

132 398 289 483 preteris:
313 394 466 464 dulcibus
488 396 642 465 retusae
663 399 794 488 replere
816 413 965 471 ventrem
987 415 1089 471 turam.
1116 444 1160 458 -
1188 434 1240 481 νο.1

132 509 347 601 στιμὸγλυκος
368 522 558 606 adjectivum
579 527 790 612 compositum
813 549 854 590 ex
880 517 1027 611 νόστιμος
1048 543 1082 595 et
1110 522 1236 614 γλυκὸς.

129 640 264 706 Etenim
286 644 376 729 plebs
397 633 516 726 γλυκός
537 666 595 734 pro
616 637 738 728 γλυκύς
759 650 864 714 disere
885 652 977 717 solet.

269 765 308 829 V.
335 765 406 832 109.
451 762 529 848 ἐμᾶς
550 769 571 834 1.
594 792 622 833 e.
644 763 743 850 ἡμᾶς,
764 773 821 836 sed
843 769 886 843 εἰς
908 767 987 854 ἐμᾶς
1009 774 1063 839 hie
1084 795 1233 842 eusensu

129 888 252 951 dietum
274 900 335 968 est,
358 909 419 970 quo
442 892 525 977 apud
548 893 697 974 antiquos
719 886 788 973 παρ’
812 886 894 974 ἡμῖν.
916 929 960 941 -
980 896 1033 960 De
1055 881 1232 1002 mearden-

121 1014 180 1092 jus
196 1012 281 1094 sing.
304 1023 353 1075 est
374 1000 409 1070 τὸ
431 1005 526 1094 φαγί,
546 1015 609 1078 vid.
632 1026 745 1079 notata
767 1016 809 1079 ad
830 1036 911 1078 vers·
935 1014 988 1081 71.

175 1105 182 1113 ’
261 1132 304 1195 V.
330 1131 402 1197 110.
446 1134 499 1196 De
522 1155 598 1198 voee
620 1125 710 1215 νερὸν
732 1135 857 1200 loeutus
879 1156 950 1199 sum
972 1137 1014 1199 ed
1036 1158 1115 1201 vers.
1140 1138 1193 1204 60.

261 1252 303 1315 V.
326 1253 401 1318 111.
444 1253 659 1318 Reeentiores
680 1255 865 1343 plerumque
892 1246 1007 1332 διπλός,
1028 1245 1058 1334 ἡ,
1079 1248 1126 1334 όν,
1148 1262 1231 1342 quod

122 1375 163 1436 in
194 1383 300 1437 vetere
326 1374 439 1457 lingua
465 1377 624 1461 poeticum
652 1389 716 1458 est,
750 1398 809 1464 pro
837 1373 965 1448 διπλοῦς
990 1392 1157 1465 usurpent.
1185 1414 1229 1433 -

121 1493 191 1576 μᾶς
212 1515 271 1581 pro
293 1488 377 1575 ἡμᾶς
397 1498 418 1559 i.
440 1518 467 1560 e.
490 1490 580 1576 ἡμῖν,
601 1499 759 1580 siquidem
785 1497 839 1562 hie
866 1520 989 1582 quoque
1014 1501 1227 1569 Accusativus

122 1618 238 1681 Dativi
259 1619 327 1681 viee
350 1619 504 1703 fungitur.
533 1651 576 1671 η-
609 1598 814 1701 mergendum
834 1624 930 1686 metri
953 1643 1050 1687 eausa
1071 1644 1130 1710 pro
1153 1645 1225 1699 χαι.

121 1731 278 1821 ρῶμασνε,
304 1741 387 1821 quod
408 1741 542 1827 perinde
564 1751 659 1823 atque
679 1732 896 1822 χαιροῦμασνε
917 1745 954 1807 in
976 1744 1063 1829 vulgi
1077 1767 1224 1810 sermone

121 1863 254 1950 ponitur
285 1882 344 1949 pro
377 1846 568 1943 χαιρῶμὲῇα
601 1874 635 1926 et
665 1853 857 1944 χαιρὸμεὲα.
900 1864 987 1928 Nam
1009 1866 1045 1928 in
1068 1867 1224 1932 deteriore

123 1983 307 2048 Graecitete
329 2005 483 2072 praesens
504 2004 571 2048 nen
593 1996 643 2048 est
663 1976 777 2066 χαίρω,
799 1985 856 2049 sed
876 1975 1039 2066 χαίρομαι.

252 2106 295 2169 V.
321 2104 392 2171 111.
437 2109 502 2170 Pro
525 2095 648 2187 κρύπνω
670 2108 707 2170 in
728 2105 855 2190 vulgari
877 2126 1025 2170 sermone
1055 2109 1120 2172 fere
1142 2129 1223 2172 sem·
1251 2166 1259 2180 ,

118 2250 177 2317 per
208 2218 315 2310 κρῦβω
348 2229 399 2291 vel
431 2221 561 2309 κρύβγω
593 2228 771 2293 adhibetur.
827 2228 1019 2309 Caeteroqui
1050 2229 1089 2292 de
1122 2230 1225 2295 forma

120 2341 330 2434 κρνβωμάσνε
352 2352 436 2415 idem
452 2351 673 2436 judicandum,
697 2352 779 2435 quod
802 2351 840 2415 de
864 2371 913 2433 ee,
936 2371 1030 2434 quam
1052 2353 1147 2418 modo
1169 2374 1224 2416 ex·

119 2475 299 2563 plicuimus.

251 2596 295 2660 V.
321 2594 392 2658 113.
434 2589 506 2657 ’που
533 2597 555 2657 i.
578 2617 606 2658 e.
630 2587 716 2656 grou.
751 2631 795 2646 -·
826 2593 1015 2674 κατοικοῦμε
1046 2596 1222 2679 vulgarItet·

117 2741 178 2808 pro
200 2713 417 2793 κατοικοῦμεν.
439 2748 483 2762 -

252 2837 296 2900 V.
324 2833 397 2898 ild·
441 2824 486 2894 νά
501 2827 595 2915 ’λᾷῃς
616 2835 636 2898 i.
652 2856 678 2896 e.
700 2823 743 2894 mi
767 2820 870 2915 ἴλὲῃς.
893 2868 936 2879 -
958 2823 1088 2914 denium
1103 2831 1153 2898 vei
1174 2827 1221 2893 ἓν.

116 2952 209 3043 edum
231 2959 440 3046 compositum
462 2981 505 3022 ex
528 2952 562 3017 ἐν
583 2954 624 3034 τῷ
645 2945 717 3039 ἅμα
738 2959 774 3020 in
796 2957 948 3021 inferiore
970 2957 1147 3042 graecitate
1168 2975 1220 3025 va-

115 3088 180 3150 let:
203 3103 284 3159 unu,
305 3078 414 3146 simul.
436 3116 479 3131 -
502 3075 640 3162 ε’μποῢμε
662 3080 713 3144 vel
735 3074 903 3162 ε’μποῢμεν,
926 3084 1015 3165 euJus
1031 3079 1103 3144 loco
1118 3090 1151 3144 et
1167 3073 1220 3160 ἒμ.

117 3203 225 3287 πῶμεν
250 3205 348 3271 scribi
376 3216 518 3292 poteret,
547 3217 596 3268 est
620 3205 636 3268 1
661 3224 744 3292 pers.
769 3202 814 3290 pl.
839 3201 933 3285 Conj.
956 3222 1022 3265 uer.
1044 3203 1132 3266 verbi
1153 3201 1218 3265 vul-

117 3330 207 3414 garis
230 3320 370 3409 ἒμπαίνω
392 3327 443 3391 vel
463 3319 601 3408 μπαίνω,
628 3348 688 3414 pro
711 3347 772 3409 qno
795 3325 913 3389 eruditi
935 3325 1046 3386 dieunt
1069 3313 1219 3403 ἐμβαίνω,

117 3453 172 3535 qui
193 3452 265 3515 ideo
287 3471 347 3538 pro
370 3445 528 3532 ε’μποῦμεν
549 3461 703 3536 perpetuo
748 3441 894 3529 ἐμβῶμεν
915 3455 1080 3530 usurpant.

249 3571 293 3636 V.
320 3571 391 3638 115.
421 3562 559 3651 deuius
587 3572 714 3658 imper..
729 3589 794 3636 aur.
829 3569 919 3632 verbi
951 3565 1094 3649 vulgaris
1128 3555 1217 3623 ἀναι-

116 3688 234 3776 fraive,
256 3716 315 3782 pro
338 3716 399 3777 quo
423 3696 540 3757 eruditi
566 3693 720 3758 adhibent
748 3683 914 3771 ἀναβαίνω
942 3689 1058 3753 veteris
1087 3687 1217 3771 linguae

118 3819 381 3884 consuetudinem
403 3828 580 3898 sequentes.
604 3850 647 3862 -
668 3803 746 3896 §dxi
768 3817 790 3878 i.
814 3837 841 3878 e.
867 3802 969 3894 ῥάχιν.
993 3845 1033 3860 -
1056 3800 1100 3877 ud
1119 3801 1147 3868 α’
1165 3803 1216 3888 ἐμ-

115 3929 211 4003 sdes
233 3941 374 4028 explicui
396 3941 437 4004 ad
459 3958 540 4003 vers.
564 3935 616 4000 11.

249 4061 293 4124 V.
318 4061 390 4128 116.
435 4051 570 4136 idibem
590 4068 809 4125 veruntamen
832 4058 893 4121 hae
914 4057 1048 4120 tratione
1069 4075 1136 4120 non
1151 4072 1226 4134 am„

116 4188 204 4276 plius
227 4187 264 4251 in
285 4205 345 4250 usu
368 4199 426 4251 est.
465 4221 507 4233 -
541 4171 672 4262 unsarai,
694 4183 824 4262 antique
852 4173 1017 4260 σφ’γκῒῶς·
1051 4213 1095 4224 -
1128 4163 1218 4247 wige
