2684 4740
1034 238 1164 288 -xxxvn

57 399 166 475 cendi
189 400 326 476 ratione
351 399 532 490 abludunt,
557 402 606 475 ita
632 426 711 476 cnm
736 410 939 476 nostrorum
964 406 1159 505 temporum

56 532 201 634 plebejo
227 556 393 607 sermone
411 532 648 607 consentiunt.
699 532 863 631 Quorum
879 534 1055 610 volumina
1075 561 1162 633 quo·

57 663 153 737 niam
193 664 327 763 pariter
367 662 605 737 admirandam
652 664 876 764 eloquentiae
926 667 998 742 vim
1042 677 1162 740 osten-

59 794 150 870 dunt
174 805 212 868 et
235 795 418 870 historiam
442 794 623 896 religionis
647 794 860 889 christianae
889 778 1082 887 illustrarff,
1108 797 1160 870 di·

60 953 129 1027 gna
159 937 259 1017 sunt,
291 953 383 1026 quae
414 927 458 1000 ab
490 928 700 1002 eruditionis
730 928 868 1028 cupidis
900 928 1059 1029 diligenti
1085 939 1157 1003 stn-

59 1057 119 1132 dio
144 1067 316 1157 terantur.
366 1056 503 1134 Verum
529 1057 826 1156 quemadmodum
856 1059 896 1130 hi
919 1059 997 1132 sine
1021 1060 1159 1133 citerio-

58 1189 110 1263 ris
136 1189 338 1289 graecitatis
365 1188 568 1286 cognitione
585 1189 729 1287 penitus
747 1188 883 1286 percipi
900 1199 1094 1286 nequermt,
1110 1189 1159 1262 ita

60 1319 175 1392 multo
201 1319 307 1392 etiam
331 1318 449 1391 minus
474 1316 533 1414 illi,
559 1318 620 1417 qui
651 1316 862 1390 Sanctorum
893 1318 984 1395 vitas
1014 1318 1159 1393 horrido

59 1449 270 1552 plerumque
295 1457 332 1522 et
355 1448 490 1521 inculto
515 1447 597 1522 stilo
623 1447 937 1523 conscribillarunt.

157 1580 326 1680 Denique
337 1579 493 1685 invariis
502 1578 670 1679 Europae
684 1579 908 1654 bibliothecis
921 1579 1159 1680 ingenslibro-

60 1739 138 1789 rum
162 1737 331 1787 numerus
356 1709 453 1799 latet,
479 1711 541 1808 qui
566 1710 684 1783 medio
710 1713 904 1811 aeroapud
928 1711 1087 1786 Graecos
1113 1711 1158 1784 de

60 1843 221 1945 pluribus
235 1843 363 1916 artium
383 1840 694 1940 doctrinarumque
721 1843 920 1940 generibus,
946 1842 990 1916 de
1015 1844 1158 1932 musica,

60 1974 316 2062 mathematica,
341 1971 526 2062 medicina,
551 1972 715 2046 botanica
739 1983 828 2063 arte,
854 1973 900 2047 de
925 1972 1075 2049 historia
1099 2000 1160 2047 na·

60 2106 175 2197 turali,
192 2104 238 2178 de
264 2104 400 2179 chemia
425 2102 575 2200 aliisque
600 2102 789 2201 compositi
814 2114 908 2176 sunt.
959 2104 1034 2202 Qui
1052 2130 1165 2202 quum

61 2236 245 2312 abundent
257 2233 412 2309 novitiae
422 2231 563 2332 linguae
581 2230 806 2322 dictionibus,
831 2233 959 2334 partim
984 2234 1067 2332 quia
1091 2259 1161 2324 res,

61 2370 107 2442 de
122 2367 251 2468 quibus
263 2362 460 2454 disseritur,
485 2363 666 2438 veteribus
692 2363 834 2464 ignotae
858 2363 1006 2453 fuerant,
1032 2364 1161 2464 partim

61 2500 144 2601 quia
155 2498 277 2575 talium
289 2493 540 2597 opusculorum
551 2505 715 2572 auctores
729 2497 920 2594 genuinum
938 2495 1173 2599 antiquitatis·

60 2630 214 2706 colorem
241 2629 286 2702 ob
311 2629 483 2724 majorum
508 2627 682 2700 sermonis
707 2627 942 2724 ignorantiam
971 2652 1045 2699 non
1070 2653 1161 2700 sern-

59 2790 125 2864 per
150 2784 294 2835 servare
318 2765 500 2854 poterant:
526 2754 673 2848 evidens
700 2763 765 2841 est,
791 2753 947 2825 adhaec
973 2779 1080 2852 opera
1110 2755 1162 2826 fo-
1195 2824 1202 2837 ,

59 2917 120 2967 ras
146 2888 261 2963 danda
286 2885 458 2960 editorem
474 2883 607 2983 requiri
625 2909 739 2984 aeque
754 2882 878 2957 barum
898 2882 1161 2982 disciplinarum

61 3033 170 3122 atque
196 3017 396 3122 graecitatis
423 3015 589 3115 antiquae
620 3024 658 3089 et
686 3015 895 3090 recentioris
928 3017 1076 3092 scientia
1107 3017 1160 3090 in-

62 3162 248 3230 structum.
296 3149 355 3225 Ne
369 3147 450 3246 quis
474 3172 559 3222 vero
586 3146 788 3238 contendat,
812 3148 956 3249 indigna
973 3154 1055 3224 esse
1071 3148 1159 3221 haec

58 3284 247 3372 volumina,
273 3306 364 3380 quae
387 3278 502 3370 lucem
527 3278 708 3377 aspiciant,
745 3288 871 3379 utpote
895 3280 1158 3377 superstitionis

63 3429 98 3493 et
119 3414 341 3516 ¹ineptiarum
372 3408 593 3510 plenissima,
628 3407 842 3508 locupletem
880 3407 996 3482 citabo
1027 3419 1158 3484 testem

62 3547 102 3623 C.
125 3543 261 3622 Bened.
285 3543 443 3631 Hasium,
468 3541 582 3616 virum
608 3567 733 3640 graece
758 3539 1158 3639 doctissimumhurna-

60 3679 246 3755 nissimnm
271 3672 439 3771 omnique
465 3697 594 3771 genere
618 3671 731 3745 laudis
755 3671 1079 3763 cumulatissimum,
1096 3674 1157 3771 qui

62 3810 173 3884 multo
199 3807 359 3881 codicum
383 3802 618 3877 bibliothecae
641 3804 824 3879 Parisinae
848 3828 917 3876 usu
942 3804 1090 3878 edoctus
1119 3803 1157 3874 in

63 3943 118 4017 his
145 3941 250 4014 etiam
275 3936 401 4011 libellis
427 3934 575 4035 plurima
600 3935 686 4010 dicit
710 3933 802 4009 scitu
821 3931 925 4035 digna
946 3935 1047 4024 tradi,
1066 3961 1157 4034 quae

65 4074 108 4147 ad
141 4070 357 4172 singularum
388 4064 652 4165 disciplinarum
682 4065 866 4139 historiam
896 4066 1157 4140 illuminandam

65 4202 160 4276 haud
184 4227 308 4305 parum
332 4201 447 4274 lacere
471 4196 645 4272 videntur.
701 4195 755 4270 Cf.
787 4198 945 4295 quaeab
971 4222 1014 4272 eo
1039 4195 1160 4292 dispu·
1267 4199 1270 4208 '
