2684 4740
1152 180 1221 252 155

118 378 184 431 tem
211 365 307 450 hujus
335 367 424 432 verbi
453 367 551 431 tertia
572 388 656 454 pers.
679 369 875 451 conjunctivi
897 368 948 433 vel
968 342 1148 457 praesentis
1169 379 1220 441 vei

117 492 240 554 acristi.
294 490 365 554 Hae
393 489 497 555 altera
526 492 653 555 ratione
680 513 739 578 pre
769 494 901 576 antique
929 484 1060 575 γράψω,
1088 487 1221 577 ρράψιις

117 614 182 677 dici
205 615 355 695 convenii
378 607 463 683 ἓέλω
484 602 610 696 γράψῃ,
639 608 742 686 θέλεις
768 608 880 698 γράψῃ
905 618 955 679 vel
982 610 1068 687 βάλω
1095 610 1220 703 γράφῃ,

117 730 221 809 θέλεις
242 729 368 818 γράφῃ,
393 738 476 820 qued
497 737 591 823 vulgo
614 742 887 827 pronuntiationis
910 741 1103 822 aequalitate
1132 746 1220 809 decc-

116 861 165 945 pti
187 863 296 946 inepte
319 864 463 926 scribunt
481 850 570 933 ’θέλω
591 856 709 944 γράψει
731 863 783 927 vel
805 855 890 933 θέλω
912 853 1041 943 γράφει.
1074 866 1220 949 Namque

116 1003 248 1048 neccsse
271 1006 341 1048 esse
365 984 419 1048 hic
441 988 571 1049 exarari
593 979 678 1057 θέλω
699 972 812 1066 γράψῃ
836 999 868 1047 et
890 979 976 1054 θέλω
1005 976 1127 1067 γράφῃ,
1151 1012 1220 1075 per.

115 1109 228 1193 spicue
250 1121 410 1171 monstrat
436 1110 557 1194 passivi
586 1108 755 1191 analogia,
779 1109 862 1188 qued
885 1109 1019 1172 eandem
1042 1108 1139 1173 habet
1160 1117 1221 1175 eir-

117 1230 366 1293 cumlocutionis
389 1231 502 1311 legem.
547 1229 710 1292 Nimirum
732 1221 966 1311 γραῳθήσομαι
987 1231 1158 1318 dupliciter
1175 1238 1222 1299 in.

119 1363 338 1437 terpretantur
360 1364 491 1415 nestrae
512 1354 629 1416 aetatis
651 1352 778 1433 Graeci,
801 1354 849 1415 ita
870 1365 905 1415 ut
927 1374 994 1417 non
1015 1354 1120 1419 selum
1136 1352 1221 1427 θέλει

116 1469 263 1555 γραφθῶ
288 1466 392 1555 (θέλει
420 1472 589 1559 γραφθῇς)
617 1474 667 1539 vel
696 1469 784 1545 θέλει
809 1464 1000 1557 γράψωμαι,
1034 1480 1092 1541 aeti
1123 1484 1222 1545 etiam

115 1589 204 1667 θέλω
225 1593 361 1679 γραῳθῇ
382 1597 502 1679 dicant,
524 1619 584 1685 pro
606 1616 668 1680 que
689 1598 822 1685 plurimi
844 1599 964 1663 insulse
983 1593 1070 1670 θέλω
1088 1604 1223 1684 γρωφθῆ

116 1722 272 1785 scribunt.
316 1719 406 1782 Haec
439 1723 564 1795 omnia,
598 1722 628 1783 si
662 1722 782 1783 formas
810 1733 842 1781 ct
869 1724 991 1785 activas
1019 1736 1052 1787 ct
1077 1730 1223 1809 passivas

119 1845 326 1922 conferimur,
350 1841 555 1905 adamussim
577 1843 640 1905 sibi
662 1842 799 1905 invicem
820 1844 1025 1927 respondent,
1048 1847 1114 1908 nisi
1129 1852 1223 1930 quod,

94 1988 215 2050 ,ρῃῃιῃ
248 1958 333 2055 θέλω
366 1960 500 2045 γραφθῇ
533 1964 724 2050 respondeat
756 1962 940 2050 periphrasi
978 1968 1102 2030 activae
1137 1963 1223 2039 θέλω

118 2080 248 2173 γράψῃ,
270 2088 361 2152 nulla
385 2091 420 2149 in
443 2109 502 2150 usu
524 2099 574 2150 est
596 2087 798 2173 periphrasis
820 2088 965 2173 passiva,
994 2109 1073 2170 quae
1102 2094 1224 2156 activae

120 2206 208 2284 θέλω
229 2200 340 2295 γράφῃ
365 2211 565 2301 respondeat.
609 2207 734 2274 Verum
756 2211 831 2274 inde
854 2209 977 2273 nullum
1000 2210 1142 2294 vulgaris
1163 2215 1224 2278 lin-

122 2360 188 2423 gua
211 2337 437 2401 detrimentum
460 2336 556 2419 capit,
581 2354 676 2415 quum
698 2334 764 2397 alia
792 2334 920 2397 dicendi
948 2355 1068 2418 genera
1096 2351 1226 2422 praesto

120 2464 200 2525 sint.
250 2460 340 2522 Inter
358 2456 449 2521 ‘haec
477 2459 675 2521 nmneranda
703 2471 778 2522 sunt
805 2470 839 2521 et
865 2457 925 2521 illa
952 2479 1032 2540 quac
1059 2481 1118 2545 pre
1140 2456 1225 2531 θέλει

107 2576 382 2673 'impersonaliter
409 2580 551 2643 adhibito
579 2582 695 2643 dudunt
724 2582 809 2664 apud
846 2581 977 2662 vulgum
1009 2584 1224 2647 invaluerunt.

88 2776 97 2787 ,
121 2710 252 2774 Etenim
274 2727 361 2769 nunc
384 2705 518 2790 perinde
540 2705 605 2765 iere
628 2715 687 2781 est,
711 2722 788 2763 num
811 2703 907 2793 dicas¹
923 2695 1010 2770 θέλει
1030 2695 1158 2782 γράψω,
1173 2700 1226 2775 θέ.

121 2837 168 2893 λει
192 2820 306 2913 γράφω
328 2842 360 2892 et
383 2821 467 2897 θέλει
492 2820 641 2908 γριιφξιῶ,
664 2845 707 2888 an
730 2814 770 2893 &i
793 2816 834 2882 νά
857 2814 991 2904 γράψω,
1018 2815 1060 2895 &i
1087 2817 1130 2883 ρὰ
1151 2821 1226 2908 ριρά,

124 2977 177 3031 ‹pe›
189 2994 199 3027 ,
221 2942 262 3021 θέ
283 2944 325 3012 νά
347 2948 503 3033 γριιφθιῧ,
525 2971 569 3013 an
592 2951 727 3030 denique
750 2939 799 3017 θά
821 2933 953 3029 Ιγράψω,
976 2937 1024 3018 ea
1039 2939 1165 3030 γράφω,
1179 2947 1227 3021 θὰ

123 3053 277 3157 reecpit&
320 3076 361 3140 In
383 3075 435 3137 nis
458 3076 569 3138 sennis
591 3065 632 3142 &i
655 3073 843 3136 tantundem
864 3073 966 3152 valet,
995 3087 1148 3153 quantum
1174 3069 1228 3145 θέ.

123 3204 182 3276 λιι,
200 3221 241 3262 ex
265 3219 325 3279 que
348 3199 524 3260 breviatum
547 3209 606 3275 cst,
629 3208 665 3258 ut
687 3184 744 3264 θές
767 3217 808 3257 ex
830 3186 943 3267 θέλεις,
965 3186 1037 3261 θέτε
1060 3218 1101 3257 cx
1122 3191 1229 3267 θέλετε

123 3324 244 3387 Graeci
274 3292 457 3397 decurtant3
485 3338 582 3406 porro
610 3306 659 3387 θά
685 3317 831 3389 interlise
854 3338 873 3375 ν
896 3328 1096 3379 contractum
1118 3332 1229 3381 estex

124 3437 166 3518 θὲ
189 3434 242 3524 νά,
266 3445 350 3525 qued
372 3444 454 3507 satis
470 3440 591 3523 liquere
609 3442 759 3504 arbitror.
803 3441 854 3502 Ex
871 3438 933 3501 hac
946 3450 1120 3524 postrema,
1135 3461 1229 3521 quam

124 3556 298 3646 adnotavi,
321 3570 424 3631 serina
446 3557 487 3637 θλ
510 3556 553 3625 tri
575 3549 708 3645 γράψω,
731 3567 821 3647 cujus
843 3562 914 3625 loco
937 3583 1004 3624 nen
1027 3562 1132 3625 minus
1158 3585 1231 3649 prc-

126 3698 220 3759 batur
243 3679 294 3761 θά
316 3682 443 3771 γράψω,
467 3691 618 3772 emergit,
642 3688 797 3768 quomedo
826 3685 1048 3771 explanandus
1073 3688 1118 3750 sit
1148 3687 1232 3749 Ceu-

119 3817 289 3903 junetirus
310 3827 384 3901 pust
407 3805 510 3883 θέλω.’
545 3813 648 3875 Deest
668 3811 816 3875 videlieet
838 3810 874 3870 in
897 3802 982 3877 θέλει
1004 3799 1129 3890 γράφω,
1145 3804 1231 3882 θέλε,

126 3932 245 4025 γράψω
269 3951 302 4002 ct
325 3931 412 4009 θέλει
433 3932 573 4016 γραφὲιῶ
595 3934 753 4021 particula
776 3922 834 4013 ruit3
863 3952 963 4013 neque
986 3933 1053 3999 alia
1075 3936 1234 4021 particula
