2684 4740
185 266 261 318 xxn

187 433 267 511 Hae
289 457 405 513 novae
429 435 706 537 significationes
728 430 917 536 aliquando
939 428 1060 533 specie
1075 437 1216 504 tantum
1232 455 1297 525 no·

77 647 81 655 ,
189 593 255 645 vae
272 578 367 659 sunt,
391 594 517 647 revera
541 569 718 670 antiquae,
738 569 872 670 quippe
891 591 993 667 quae,
1012 563 1043 639 si
1060 563 1178 637 minus
1201 563 1298 665 apud

190 699 386 800 scriptores
412 701 593 793 classicos,
616 709 736 776 tamen
760 700 799 773 in
822 696 1114 799 inscriptionibus
1140 696 1299 796 antiquis

190 829 287 907 hand
316 858 397 909 raro
430 834 556 912 obviae
587 834 670 909 sint.
719 830 829 910 Unde
854 858 915 907 eas
939 839 1102 908 veterum
1119 854 1208 905 aevo
1224 827 1298 931 ple-

191 963 291 1063 bejas
320 963 433 1042 fuisse
458 967 635 1068 conjicias.
685 964 780 1067 Quis
804 966 913 1069 igitur
937 963 1094 1050 dubitet,
1119 961 1208 1061 quin
1232 960 1300 1037 hac

172 1110 339 1198 equoque
362 1097 401 1171 in
425 1108 527 1201 parte
550 1099 730 1175 recentior
744 1099 865 1201 lingua
881 1098 926 1172 ad
946 1095 1208 1198 philologorum
1227 1104 1300 1171 stn-

82 1269 85 1278 ·
193 1226 251 1302 dia
275 1228 462 1305 utilissima
487 1232 537 1307 sit
554 1231 726 1308 habenda.
774 1230 968 1309 Enimvero
986 1253 1223 1330 quaecunque
1240 1253 1301 1306 vo-

194 1360 318 1435 cabula
340 1362 497 1436 recentis
523 1365 725 1464 graecitatis
741 1363 779 1436 in
798 1364 1024 1463 antiquorum
1042 1360 1212 1460 operibus
1228 1384 1300 1434 non

194 1491 345 1593 amplius
371 1504 580 1594 supersunt,
610 1521 657 1568 ne
688 1494 871 1570 exstitisse
905 1491 1049 1593 quidem
1080 1490 1163 1564 olim
1195 1516 1300 1567 nemo

194 1625 353 1728 prudens
373 1623 468 1701 aus'it
484 1627 712 1700 contendere.
763 1626 859 1701 Sunt
874 1635 991 1700 autem
1008 1623 1066 1698 illa
1083 1623 1213 1724 partim
1231 1623 1302 1726 pri-

193 1759 327 1851 mitiva,
352 1757 449 1834 unde
474 1758 632 1832 derivata
655 1767 795 1831 tantum
818 1757 991 1835 vocabula
1021 1756 1060 1829 in
1082 1755 1238 1832 vetustis
1261 1754 1302 1830 li-

194 1889 268 1965 bris
293 1917 389 1965 nnnc
412 1889 574 1991 legimus,
600 1889 728 1990 partim
753 1887 921 1979 derivata,
947 1913 1099 1989 quorum
1124 1887 1301 1987 primitiva

192 2021 300 2096 modo
325 2022 433 2101 verba
451 2032 612 2102 veterum
630 2023 762 2124 scripta
779 2022 973 2111 continent,
995 2021 1126 2123 partim
1141 2019 1200 2096 vel
1219 2021 1302 2095 sim-

193 2153 300 2256 plicia
322 2155 381 2231 vel
407 2156 616 2257 composita,
642 2181 795 2257 quorum
813 2155 982 2230 alterutra
1008 2151 1125 2229 solum
1148 2153 1186 2226 in
1210 2152 1301 2227 anti-

195 2312 348 2386 quorum
373 2289 542 2389 operibus
567 2288 689 2362 relicta
717 2297 812 2362 sunt.
862 2287 1015 2362 Tantam
1032 2285 1222 2362 verborum
1238 2284 1298 2358 ad-

193 2416 265 2490 huc
282 2419 524 2516 ignoratorum
542 2419 679 2519 copiam
698 2419 842 2493 nonnisi
859 2418 1010 2492 maximo
1028 2443 1108 2493 cum
1125 2417 1300 2490 bonarum

192 2547 390 2624 litterarum
427 2548 642 2625 detrimento
682 2550 861 2626 contemni
898 2560 1008 2651 posse
1039 2558 1199 2652 apertum
1231 2558 1301 2623 est.

193 2678 383 2756 Caeterum
409 2707 481 2783 qno
506 2681 627 2783 plures
651 2682 689 2756 in
713 2682 829 2757 lucem
852 2682 1080 2785 proferuntur
1096 2680 1302 2780 inscriptio-

191 2839 258 2889 nes
283 2823 457 2904 vetustae,
483 2841 527 2888 eo
551 2815 654 2915 plura
684 2815 862 2891 inferioris
895 2814 1097 2919 graecitatis
1127 2813 1301 2892 vocabula

192 2945 396 3042 antiquitati
419 2943 654 3021 vindicantur.
715 2947 810 3048 Quis
844 2949 938 3023 enim
970 2947 1054 3022 olim
1078 2944 1300 3045 ἀρχουτεύω

193 3085 232 3150 et
255 3072 496 3174 ἀρχόντισσα·
518 3104 584 3180 pro
610 3079 773 3180 genuinis
796 3091 959 3161 veterum
982 3079 1131 3159 vocibus
1155 3077 1301 3154 habuis-

193 3218 262 3298 set,
288 3235 380 3309 quae
404 3236 501 3286 nunc
526 3236 571 3286 ex
594 3211 825 3288 Boeckhiano
850 3212 1123 3313 inscriptionum
1148 3237 1300 3312 corpore

190 3341 315 3418 lexicis
340 3343 462 3418 inferri
486 3356 649 3446 possunt.
699 3346 847 3447 Quippe
870 3344 907 3417 io
933 3344 1003 3419 hoc
1035 3344 1140 3446 qnasi
1170 3344 1215 3418 de
1247 3344 1301 3417 in·

191 3474 328 3552 dustria
364 3476 467 3552 multi
503 3488 664 3577 peccant,
699 3479 814 3579 qnod,
849 3501 1086 3579 quaecunque
1119 3452 1302 3551 neminem

189 3606 350 3684 florentis
376 3608 503 3684 aetatis
527 3610 743 3710 scriptorum
766 3636 961 3710 usurpasse
991 3609 1131 3696 vident,
1163 3630 1206 3677 ea
1237 3604 1301 3677 illo

191 3766 282 3816 aevo
305 3763 352 3811 ne
377 3737 448 3814 dici
474 3740 618 3840 quidem
636 3743 799 3839 potuisse
817 3741 1001 3816 affirmant.
1042 3735 1117 3812 Scd
1135 3743 1175 3808 ut
1190 3730 1301 3810 fidem

190 3869 363 3943 habemns
388 3869 571 3971 Hesychio
596 3871 746 3970 aliisque
770 3869 1047 3973 lexicographis,
1078 3866 1140 3940 ubi
1165 3894 1301 3942 memo·

149 4042 152 4047 ·
189 4009 271 4074 rant
295 4025 413 4094 voces,
440 4029 530 4103 quas
555 4002 686 4076 frustra
717 4029 869 4102 quaeras
894 4005 932 4076 in
963 3973 1192 4097 antiquorum
1223 4027 1299 4075 mo-

190 4132 381 4224 numentis,
405 4133 455 4207 ita
480 4133 597 4208 nostri
620 4133 793 4232 temporis
828 4132 964 4235 vulgari
996 4129 1194 4206 Graecitati
1223 4159 1297 4208 non

190 4265 363 4342 minorem
392 4261 500 4339 fidem
527 4263 687 4339 tribuere
718 4262 907 4357 debemus,
943 4265 1153 4368 praesertim
1185 4290 1297 4368 quum
