2684 4740
120 220 184 291 tte

116 416 323 490 formabatur,
346 421 455 472 tamen
476 404 821 492 plrmqrrampcriectum
843 402 883 465 ob
905 402 1028 464 lormae
1045 398 1220 485 longitudi-

116 560 190 602 nem
212 496 400 617 quarrdoquc
423 530 498 592 iude
519 549 587 590 uon
616 528 845 606 deducebatur,
873 524 930 588 sed
952 529 1021 607 ejus
1043 523 1118 587 loco
1141 527 1219 589 aori-

117 674 185 724 stirs
207 662 243 721 iu
264 678 323 719 usu
347 666 423 717 erat.
467 651 562 714 llanc
583 649 844 715 consuetudinem
861 648 897 711 ia
915 648 1019 710 veritis
1035 648 1219 727 quibusdam

117 804 183 847 uon
207 783 348 842 ‹rrrrniruu
373 778 581 854 Graecorum,
603 776 660 837 sed
681 771 911 836 nonnullorum
939 780 1067 833 tantum
1089 773 1217 859 scripto

119 926 189 967 rum
214 922 412 975 communem
437 899 534 962 luisse
557 898 677 961 credes.
720 896 883 959 Nimirum
903 916 961 957 suo
979 895 1118 975 quisque
1132 898 1215 959 modo

119 1030 232 1110 lingua
253 1028 363 1087 utitur.
408 1022 480 1087 Huc
502 1021 635 1099 accedit,
658 1021 687 1082 si
710 1032 891 1105 temporum
913 1018 1081 1080 notionem
1104 1030 1212 1105 specta·

120 1170 206 1228 mus,
237 1151 339 1231 trrajor
369 1144 690 1233 plusquarnperlecti,
719 1162 814 1224 quam
841 1141 975 1228 perlecti
1003 1128 1077 1203 cum
1105 1144 1211 1206 aoristo

121 1273 282 1357 cognatio.
329 1271 435 1345 Quum
463 1267 550 1329 onim
579 1266 922 1352 plusquamperfectum
951 1263 1103 1345 designet
1128 1266 1211 1327 ectio·

121 1416 196 1459 nem
226 1392 404 1456 absolutam
431 1410 492 1471 quo
522 1401 664 1475 tempore
692 1388 759 1451 alia
785 1385 1015 1466 inchoabatur,
1043 1406 1108 1468 qua
1135 1388 1166 1451 iu
1182 1406 1210 1449 rc

121 1519 213 1583 nulla
234 1515 370 1578 habetur·
391 1513 572 1599 praesentis
594 1512 747 1596 temporis
770 1510 871 1585 ratio,
893 1509 976 1590 quod
998 1528 1095 1573 secus
1120 1508 1155 1573 fit
1182 1510 1210 1571 in

121 1643 282 1728 perlecto,
304 1640 409 1719 major
431 1636 585 1716 quaedam
614 1634 688 1696 iude
715 1632 1019 1719 plusquamperfecti
1047 1652 1116 1695 cunr
1139 1632 1209 1695 aori·

123 1778 184 1844 sto,
208 1782 302 1843 quam
331 1760 465 1846 perlecti
488 1778 559 1821 cum
582 1758 692 1819 codem
715 1768 857 1841 tempore
879 1755 1067 1839 conjunctio
1088 1766 1120 1819 et
1136 1755 1210 1817 simi·

123 1887 224 1951 litutlo
254 1884 406 1947 irascitur.
456 1881 598 1943 Proinde
626 1880 688 1942 lrac
716 1900 838 1961 quoque
867 1897 965 1941 causa
997 1880 1136 1963 pennoti
1157 1888 1213 1941 un

124 2022 247 2073 veteres
271 2006 398 2085 Graeci,
421 2024 516 2085 quam
539 2005 734 2067 recentiores
758 2002 928 2085 aliquando
957 2003 1118 2067 uariatum
1142 2000 1212 2091 plur·

125 2130 359 2217 quamperlecto
382 2139 591 2213 praeoptant3
615 2128 650 2189 ia
673 2146 734 2207 quo
758 2148 795 2189 eo
813 2126 934 2209 justior
956 2128 1124 2191 excusatio
1143 2144 1213 2189 utmc

124 2255 354 2317 recentioribus
377 2263 442 2330 est,
465 2252 549 2331 quod
571 2248 634 2312 hac
656 2250 782 2313 ratione
803 2248 939 2313 moleste
959 2247 1213 2337 plusquamperfe-

125 2378 169 2441 e'ti
193 2374 474 2439 circumlocutione
496 2374 541 2449 (v.
555 2394 582 2434 c.
606 2358 681 2444 εἷχα
703 2364 820 2452 γράψει
834 2393 894 2459 pro
914 2364 1131 2453 ipeyqdqrem),
1145 2390 1214 2453 qum

124 2497 195 2561 sola
215 2514 302 2558 ruruc
324 2496 443 2557 usitata
465 2506 530 2572 est,
554 2495 608 2557 uti
631 2506 844 2580 opportunum
866 2495 1001 2576 videtur,
1024 2494 1214 2583 supersedere

124 2633 268 2708 possunt.
324 2615 391 2680 Sed
413 2618 508 2681 redeo
531 2617 572 2682 ad
594 2619 799 2700 arrtiquorurn
821 2619 986 2683 aoriotum.
1035 2620 1104 2696 Qui
1124 2636 1214 2701 quam·

125 2764 219 2829 quum
248 2741 414 2825 singulare
443 2743 562 2805 lactum
590 2742 757 2828 exprimit,
786 2753 896 2805 tamen
922 2761 983 2827 pro
1005 2762 1042 2805 re
1065 2755 1143 2807 nate
1160 2760 1215 2803 aon

124 2870 231 2931 miuus
253 2884 413 2947 congruus
436 2876 495 2942 est,
518 2864 578 2943 (de
599 2864 669 2928 solo
691 2864 842 2929 videlicet
862 2864 1043 2928 Indieativo
1068 2866 1149 2949 ago)
1172 2862 1215 2927 uli

125 2992 158 3050 id
181 2988 263 3066 quod
286 2984 457 3064 aliquando
482 2988 668 3069 contingere
689 2987 772 3053 solet
793 2999 827 3050 et
848 2988 959 3069 quovis
982 2998 1093 3051 aetate
1107 2988 1216 3053 contin

125 3130 200 3192 gere
223 3117 338 3193 potest,
363 3106 470 3187 eloqui
492 3107 528 3170 in
551 3110 660 3172 animo
683 3122 739 3173 est.
786 3107 874 3174 Sunt
896 3110 983 3173 enim
1006 3129 1062 3175 ree
1085 3110 1216 3195 olimge·

125 3245 195 3296 stae
207 3232 375 3313 imagines
398 3230 553 3311 quaedam
575 3243 608 3294 et
630 3244 782 3314 tauquam
799 3230 945 3316 exempla
960 3252 1073 3297 earum
1090 3234 1217 3300 omniun

124 3374 241 3433 rorum,
265 3372 426 3438 quaepro
449 3352 717 3419 vitaehumanae
745 3356 930 3419 conditione
958 3354 1009 3418 vel
1036 3354 1217 3424 immutabili
1246 3396 1248 3437 ;

124 3478 194 3561 lege
217 3490 352 3540 naturae
374 3488 408 3538 et
429 3496 516 3539 rrunc
538 3479 688 3543 similiter
710 3489 865 3563 geruntur
893 3490 925 3541 et
951 3478 1092 3565 posthac
1121 3498 1217 3567 gern-
1246 3453 1248 3459 Α

123 3611 183 3662 tur.
225 3600 288 3661 list
311 3598 364 3661 lric
387 3599 655 3665 celebratissimus
677 3602 735 3667 ille
757 3602 870 3666 aoristi
891 3620 969 3666 urus
990 3622 1033 3665 ex
1056 3603 1218 3671 nomme

123 3724 281 3784 serrnouis
303 3722 509 3807 simplicitate
531 3724 659 3800 ductus,
682 3745 763 3805 quae
784 3724 858 3788 fieri
878 3722 978 3787 solita
1007 3737 1167 3810 tanquam
1184 3726 1218 3789 it·
1247 3780 1249 3795 ,

17 3932 20 3939 Ι
123 3858 176 3905 cta
199 3854 322 3905 narrat.
367 3841 434 3907 Sed
459 3848 602 3926 queraris
623 3848 653 3910 is
675 3846 843 3911 florentem
858 3848 964 3915 ¹etiam
986 3846 1126 3935 liuguae
1147 3860 1219 3917 trel!-

123 3976 187 4027 tem
222 3965 383 4047 attigerit,
412 3978 555 4031 attamen
582 3970 624 4033 ad
657 3970 913 4034 recentissimam
941 3975 1139 4041 memoriam
1165 3990 1220 4040 nm

121 4090 334 4174 permanavit.
386 4090 490 4165 Quom
517 4093 547 4155 si
576 4093 814 4159 consideramus
842 4094 957 4159 aoristi
989 4117 1101 4183 usum,
1138 4094 1225 4167 laudo
