2684 4740
202 237 249 309 48

203 451 273 497 esse
295 430 461 510 Gallorum
485 429 755 516 praepositionem
774 445 872 512 pour.
925 426 1043 490 Paucis
1071 428 1233 514 exemplis
1261 431 1304 493 de·

202 556 332 637 iungar:
356 544 434 610 αὐτὸ
456 544 490 611 τὸ
513 542 635 629 βιβλίον
657 536 736 607 εἶναι
759 539 814 607 διὰ
835 540 906 617 τοὺς
935 541 1109 628 ἅρχαρῖους
1137 547 1197 613 hic
1226 548 1305 616 liber

202 673 349 740 tironum
371 672 406 736 in
426 667 801 758 gratiamconscuiptus
816 677 878 750 est,
890 688 979 756 pour
995 665 1045 732 los
1062 689 1304 756 comittenpuuo

126 817 129 821 ’
202 791 290 869 βέλει
317 787 459 876 peredeo
488 783 543 854 διὰ
570 782 624 869 risu
646 783 796 870 Λειψίαν,
818 789 847 854 it
863 787 1007 877 partina
1026 812 1115 876 pour
1138 790 1304 879 Leipoiclo,
1332 764 1334 837 l

202 913 376 1000 ἀπερνοῦσε
389 908 443 978 διὰ
452 905 591 998 propellor
599 905 704 996 ῥήτωρ,
712 912 740 976 il
741 911 971 1001 prassaitpour·
978 935 1021 975 un
1026 913 1148 999 grand
1158 927 1302 980 orateur.

334 1040 422 1120 μιλεῖ
443 1059 501 1125 per
523 1037 716 1124 aphaeresin
744 1036 865 1101 vocalis
886 1060 904 1096 ο
928 1056 988 1122 pro
1016 1028 1123 1115 ὁμιλεῖ
1144 1033 1303 1124 loquitur3

203 1165 258 1246 qui
280 1184 356 1227 usus
380 1161 550 1225 deterioris
572 1160 759 1244 graecitatis
782 1171 840 1224 est
885 1158 982 1244 Apud
1002 1169 1126 1221 veteres
1143 1162 1302 1237 nimirum,

203 1287 234 1350 si
255 1279 372 1364 ὁμιλεῖν
394 1283 532 1346 similem
555 1304 647 1346 usum
670 1281 789 1346 habere
811 1266 946 1361 uidetur,
968 1281 1158 1345 vertendum
1181 1296 1232 1347 est
1246 1280 1301 1348 col-

203 1404 308 1492 loqui,
330 1400 564 1492 confabulari,
586 1400 821 1475 sermocinari,
844 1400 1033 1468 orationem
1050 1423 1172 1467 coram
1183 1403 1300 1493 populo

203 1524 338 1591 habere.
389 1525 437 1590 At
467 1527 506 1589 dc
535 1527 695 1611 scriptore
724 1545 818 1590 nemo
845 1545 984 1608 unquam
1012 1528 1222 1610 antiquorum
1248 1529 1300 1593 hoo

202 1652 330 1716 uerbum
352 1649 525 1735 usurpavit.

336 1771 456 1850 βαῄεἴα
478 1771 573 1833 metri
596 1791 692 1835 causa
716 1791 782 1858 pro.
797 1760 933 1849 βαὲειά,
955 1771 1038 1853 quod
1060 1783 1213 1838 neutrum
1226 1775 1295 1860 plur

203 1907 252 1960 est
274 1895 336 1978 adj.
361 1883 477 1972 pondo,
500 1886 634 1972 sared,
663 1883 755 1972 βαῇύ
791 1893 932 1958 adverbii
965 1895 1034 1958 vice
1067 1893 1122 1957 hio
1161 1899 1296 1980 iungam.

205 2018 255 2081 Cf.
235 2017 386 2080 iadnot
415 2017 456 2080 ad
485 2017 642 2102 Paraphr.
673 2037 752 2081 vers.
777 2014 830 2079 72
880 2015 932 2080 De
954 1997 1173 2082 declinatione
1193 2017 1298 2085 horum

202 2141 431 2224 adjectivorum
460 2139 531 2203 vide
563 2138 644 2202 Julii
666 2139 801 2204 Davidis
823 2129 1152 2219 Παραλληλισμόν
1114 2163 1169 2217 της
1196 2137 1298 2216 ἑλληνι-

201 2260 257 2336 eodo
279 2253 335 2322 arod
357 2259 520 2343 γρᾳικικῆς
542 2253 689 2341 γλώσσης
706 2283 779 2348 pag.
799 2260 845 2326 19.
861 2294 906 2310 -

334 2384 376 2445 V.
401 2384 431 2446 7.
476 2372 562 2462 puori
589 2393 701 2446 natum
728 2395 841 2447 estex
864 2375 1140 2470 diciri‚propter
1164 2384 1293 2475 aliquid

201 2504 288 2569 Hine
309 2516 415 2590 potet,
439 2523 496 2566 cur
517 2493 603 2583 procl
631 2507 766 2568 barbaro
795 2525 854 2568 usu
883 2505 1020 2568 causalis
1047 2510 1211 2592 particula
1236 2508 1293 2574 eva·

202 2629 277 2691 dere
307 2628 464 2713 potuerit,
498 2627 546 2691 ita
574 2639 610 2691 ut
643 2627 790 2712 designet
818 2637 1005 2714 propterca
1039 2628 1147 2716 quod,
1191 2654 1293 2719 qurum,

176 2748 302 2838 turcia,
324 2771 414 2814 nom.

322 2866 594 2952 dpoerapuerrionp
616 2892 795 2938 conversus
810 2883 871 2954 est,
894 2873 930 2938 in
952 2872 1102 2960 linguam
1126 2851 1293 2960 (nostran)

201 2987 474 3054 translatorem.
524 2983 769 3070 μεταγλώττίςω,
792 3014 855 3056 vox
876 2994 1010 3079 plebcja‚
1034 3002 1123 3080 cujus
1146 3006 1293 3087 antiquio

202 3133 271 3175 rem
288 3124 450 3175 auctorem
472 3112 592 3192 nescio,
616 3134 710 3196 quam
722 3111 949 3200 Sguropulum‚
962 3117 1016 3197 qui
1037 3138 1108 3181 eam
1131 3125 1169 3186 in
1185 3125 1294 3192 Hister.

203 3235 317 3299 concil.
340 3235 480 3298 Florent.
504 3248 577 3299 sert.
597 3235 627 3299 Γ).
641 3257 709 3324 cap.
731 3237 782 3301 17.
802 3249 835 3302 et
857 3237 936 3304 alibi
953 3238 1056 3304 habet.
1087 3242 1295 3333 caeteroquin

202 3371 408 3441 augmentum
430 3344 621 3440 syllabicum
644 3363 680 3424 in
701 3363 880 3425 recentiore
900 3362 1048 3427 'sermone
1071 3379 1146 3429 ante
1167 3392 1296 3460 praepo-

201 3481 352 3543 sitionem
380 3483 460 3567 poni
489 3482 572 3546 solet
600 3485 636 3547 in
663 3486 768 3549 verbis
797 3485 999 3570 compositis,
1029 3489 1058 3551 si
1085 3489 1190 3573 prima
1213 3493 1296 3559 illius

201 3603 451 3686 praepositionis
477 3603 586 3669 littera
615 3627 796 3670 consonans
824 3620 888 3688 est,
918 3621 954 3672 ut
980 3607 1035 3673 hic
1063 3611 1223 3697 videmus,
1252 3619 1298 3683 sin

202 3734 308 3808 autem
330 3725 450 3789 vocalis
473 3738 531 3807 est,
554 3739 627 3813 post
648 3731 919 3816 praepositionem
933 3732 1034 3794 inseri
1048 3731 1151 3814 debet,
1174 3749 1212 3802 ut
1231 3738 1297 3799 ciere

200 3836 304 3923 κρίβη.
347 3846 458 3928 Neque
487 3864 595 3914 tamen
621 3872 747 3938 semper
777 3851 857 3916 haec
885 3853 997 3937 regula
1019 3856 1224 3940 observatur,
1246 3859 1297 3924 sed

201 3965 409 4030 inveniuntur
432 3971 530 4037 etiam
552 3975 648 4038 verba
671 3974 841 4060 dupliciter
864 3990 968 4055 aucta,
992 3977 1085 4057 quale
1101 3954 1154 4041 est
1174 3975 1297 4059 &erdp-

200 4105 284 4165 rooe‚
309 4090 391 4168 quod
413 4091 532 4174 legitur
553 4098 589 4159 in
611 4096 826 4183 Paraphresis
848 4119 941 4162 versu
965 4098 1015 4162 15.
1060 4100 1297 4186 Nonnunquam

201 4211 298 4298 etiam
322 4213 479 4279 omittitur
502 4232 718 4302 augmentum,
740 4221 827 4285 velut
848 4241 942 4285 versu
965 4218 1037 4286 131.
1060 4211 1251 4306 ἀπόσῳιγγε.

1171 4346 1299 4422 xV·8.·
