2684 4740
1083 201 1152 276 133

98 388 174 476 ipsis
195 387 338 454 nominis
361 378 463 472 πληγὴ
478 407 546 455 non
563 409 690 478 semper
702 391 849 474 quadrat,
862 393 1018 476 siquidem
1033 395 1149 463 Graeci

98 513 244 576 entiores
273 510 412 598 simplex
442 514 572 577 verbum
598 514 646 577 sie
673 533 795 601 ponere
823 528 1056 581 consueverunt
1083 539 1148 582 non

98 656 151 700 um
172 636 212 699 ele
234 636 415 701 verberibus
436 634 618 718 loquentes,
641 653 722 716 quae
744 638 816 718 quis
837 657 935 701 manu
957 649 1013 703 aut
1034 640 1148 705 baeulo

98 759 142 823 eri
169 754 305 841 infligit,
335 759 392 822 sed
419 758 519 823 etiam
545 758 585 821 de
613 757 767 842 telorum,
801 759 944 847 lepidum
971 759 1146 826 aliarumve

98 900 155 943 um
178 883 335 964 conjectu.
381 880 431 943 ct.
453 900 535 944 vers.
557 877 633 945 399.
683 879 725 964 ln
752 879 805 946 his
828 884 973 947 omnibus
996 882 1147 967 loquendi

98 1003 217 1067 teribus
238 1000 324 1066 nihil
344 1002 594 1067 subaudiendum
614 1013 673 1067 est·
723 1001 887 1068 Similiter
909 1022 985 1069 uos:
1014 1025 1053 1070 er
1073 1003 1145 1094 gab

98 1145 113 1188 u
136 1121 217 1190 einr.
260 1123 339 1190 Alia
355 1125 440 1189 ratio
461 1137 512 1190 est
532 1125 597 1189 loei
618 1124 795 1208 Aeschyloi
817 1126 934 1211 Agam.
954 1126 1055 1195 1393:

220 1238 303 1308 παίω
324 1239 364 1304 δέ
382 1264 433 1305 νιν
452 1238 512 1316 δίς·
534 1239 598 1306 κάν
617 1246 708 1309 δυοῖν
727 1237 930 1330 οἰμώγμασιν

218 1362 359 1448 μεθῆκεν
380 1359 479 1438 αὐτοῦ
498 1365 602 1430 κῶλα·
624 1359 681 1431 eei
700 1361 865 1432 πεπτωκότι

214 1480 316 1569 τρίτην
334 1466 519 1571 ἕπεῦὃίδωμι

122 1612 164 1674 ob
191 1632 299 1675 vocem
325 1602 427 1693 rolens»
453 1633 573 1678 nomen
599 1605 721 1699 πληγὴν
749 1615 785 1680 in
813 1615 908 1679 verbo
936 1607 1019 1676 παίω
1041 1615 1142 1682 latere

98 1755 138 1798 ue
161 1734 252 1816 quasi
272 1732 412 1796 latenter
434 1735 500 1798 diei
521 1746 610 1798 reete
639 1737 754 1799 statuit
780 1737 986 1803 Hermannus
1015 1740 1051 1801 in
1079 1740 1142 1804 dis-

98 1857 216 1920 tetione
238 1855 277 1918 de
299 1853 407 1942 ellipsi
429 1867 462 1920 et
483 1855 670 1942 pleonasmo
693 1857 729 1921 in
751 1857 864 1941 lingua
886 1878 1003 1942 greeae
1021 1862 1140 1947 Opusc.

98 2000 131 2043 n.
158 1977 176 2042 1
208 1997 283 2065 pag.
314 1974 389 2041 152.
424 2011 466 2024 -
497 1966 673 2083 gemituque
700 1979 740 2042 oh
766 1981 929 2061 syniuesin
951 1992 984 2044 et
1006 1996 1142 2046 metrum

123 2090 307 2206 §annetieres
352 2098 497 2163 Verbum
519 2085 710 2176 ξωωιλιᾶζω,
731 2119 791 2185 pro
814 2119 876 2182 quo
898 2112 1020 2165 veteres
1042 2098 1141 2169 ε’κκοι.

98 2229 133 2298 ξω
155 2223 320 2303 dixerunt,
343 2222 487 2286 eontinet
508 2223 780 2307 praepositionem
807 2215 841 2300 ἐξ
862 2223 989 2286 inverso
1017 2222 1141 2289 littera·

98 2366 109 2409 ι
136 2345 260 2410 ordine.
310 2342 387 2407 vid.
417 2345 458 2408 ad
484 2362 566 2407 vers.
598 2342 672 2409 125.
721 2345 818 2408 Verti
846 2346 939 2408 debet
960 2334 1139 2423 ξεκοιλιᾶζω

98 2487 196 2544 roem,
216 2473 391 2540 exentera,
413 2462 546 2530 uiscera
569 2461 733 2543 extraho,
755 2464 919 2532 intestina
942 2464 1093 2556 efflando.

147 2589 210 2662 ‚V-
232 2585 308 2654 363.
353 2575 470 2648 ἔπεσαν
496 2590 519 2651 i.
541 2609 568 2651 e.
597 2575 716 2651 ἐ’πεσον.
771 2590 835 2653 Hie
869 2589 1011 2654 norisius
1040 2576 1138 2649 ἔπεσα

98 2767 100 2776 ,
122 2713 286 2777 invenitur
306 2731 357 2797 ap.
380 2709 490 2795 Eurip.
514 2710 632 2772 Troad.
656 2707 719 2773 ‘291
749 2721 783 2773 et
810 2709 934 2774 Alcest.
959 2709 1034 2775 471.
1089 2709 1138 2773 Ci.

100 2845 155 2900 tm.
177 2833 319 2899 Gremm.
341 2832 488 2919 amplior.
512 2832 603 2896 Tem.
625 2831 659 2895 11
680 2850 755 2918 pag.
778 2829 843 2895 217
865 2851 952 2913 seqq.
996 2831 1136 2918 Saepius

98 2967 143 3020 tat
168 2957 205 3021 in
229 2958 457 3045 posteriorum,
488 2954 646 3042 imprimis
673 2953 971 3020 Alexandrinorum
993 2956 1134 3042 seriptis.

98 3082 110 3145 ἶ.
134 3077 269 3144 Lubeuk.
293 3080 334 3143 ad
356 3077 479 3162 Phryn.
502 3101 532 3164 p.
558 3075 632 3143 724.
655 3111 698 3126 -
727 3068 849 3155 κάμου,
871 3079 1003 3158 antique
1025 3069 1137 3156 sumptori

98 3198 132 3265 ιί.
177 3200 346 3266 Caeterum
368 3205 464 3265 verba
486 3187 598 3280 χᾶμου
620 3186 785 3275 lauriolum
808 3217 874 3282 non
897 3199 938 3260 ad
962 3184 1069 3275 ἔντερα
1084 3217 1132 3260 re-

97 3325 161 3388 nde
183 3335 267 3403 sunt,
291 3326 366 3405 quia
388 3323 441 3387 hie
467 3321 671 3400 Atticismus‚
694 3339 756 3400 quo
779 3329 893 3381 neutra
915 3316 1052 3404 pluralis
1074 3340 1130 3382 nu-

98 3448 111 3510 i
131 3447 404 3511 substantivorum
426 3463 498 3507 eum
519 3444 623 3506 verbis
644 3442 855 3524 singulariter
876 3442 1057 3505 enunciatis
1079 3463 1129 3504 eo-

98 3579 191 3649 tntur‚
212 3569 309 3653 vulgo
331 3569 426 3633 hodie
448 3567 577 3650 ignotus
598 3576 658 3645 est,
680 3565 736 3628 sed
758 3567 935 3647 subjeetum
952 3565 1128 3650 esuperio-
1163 3593 1166 3601 ·

98 3712 116 3755 s
148 3692 368 3785 asciscendum
400 3701 450 3754 est
482 3687 718 3752 Limnoeharis.
773 3686 886 3768 Itaque
918 3685 999 3752 haee
1031 3689 1128 3750 ver-ba

98 3815 162 3878 sius
184 3813 268 3878 male
291 3795 518 3900 interpretetus
540 3824 590 3875 est
610 3819 644 3876 et
666 3806 758 3872 humi
774 3799 933 3895 expensa
951 3819 1041 3889 seren
1055 3828 1127 3871 sen·

103 3938 192 4001 enim
213 3948 278 4001 est:
305 3931 546 4000 Limnochoris
567 3931 658 3998 humi
680 3940 921 3998 extensurum.
975 3929 1126 3995 Similem

117 4079 261 4125 errorem
283 4059 393 4124 notavi
415 4060 456 4122 ed
476 4079 556 4124 vers.
578 4057 631 4123 60.

160 4181 204 4245 V.
226 4179 301 4248 364.
354 4174 529 4246 &nominee
557 4176 680 4248 rubuit.
736 4179 842 4254 Quum
871 4176 957 4239 enim
982 4165 1126 4238 κόκκινος
