2684 4740
206 235 307 288 XXXI!

205 406 328 488 renio:
354 404 449 481 Ilcri
472 402 524 479 od
546 403 735 492 mevenit,
763 402 857 504 quod
884 403 977 478 idem
1002 405 1038 479 in
1058 403 1224 507 epistolis
1244 405 1313 485 Au-

185 540 312 643 gusti,
338 563 428 639 quas
454 562 518 612 sua
547 561 654 610 manu
684 536 830 637 scripsit
860 548 921 612 aut
951 537 1163 630 emendarit,
1190 540 1312 643 depre-

205 669 412 746 henditur.’'
460 668 634 746 Similiter
658 667 775 745 Varro
800 668 819 744 Ι
844 679 933 744 rust.
964 673 992 743 l.
1018 671 1185 761 „Rustici
1209 699 1310 749 verm

204 804 372 880 dicebaut
402 827 467 903 pro
498 801 597 874 ciam
628 810 665 875 et
693 802 825 875 cellam
856 829 922 903 pro
952 803 1115 876 villam.”
1169 803 1256 881 Jam
1285 806 1311 882 si

207 935 288 1035 quis
315 943 480 1035 quaerat,
511 933 690 1033 quomodo
728 934 858 1010 Graeci
881 940 911 1036 β
935 945 972 1010 et
995 968 1021 1038 η
1046 938 1257 1037 usurparint
1279 940 1310 1013 in

204 1064 463 1144 transferendis
487 1064 732 1141 Romanorum
756 1066 917 1157 vocibus
941 1067 1099 1169 reperiet
1124 1095 1189 1144 eos
1213 1077 1245 1170 β
1265 1070 1310 1145 di·

203 1201 304 1276 xisse
327 1198 386 1279 vel
409 1223 476 1301 pro
501 1227 542 1289 v,
582 1198 678 1300 quod
704 1199 797 1274 illius
829 1209 1044 1301 potestatem
1077 1213 1226 1301 aequat,
1257 1202 1308 1281 vel

203 1359 269 1436 pro
288 1331 320 1422 d,
346 1355 418 1431 qno
447 1340 579 1420 carent,
603 1331 674 1405 nisi
700 1333 798 1431 quod
822 1333 917 1406 idem
934 1358 1045 1407 sonus
1063 1333 1178 1408 oritur·
1196 1334 1308 1411 littera

63 1458 70 1463 ⁴
202 1494 232 1541 π
257 1461 494 1566 praecedente
517 1492 561 1559 μ.
610 1460 693 1537 Etsi
718 1489 804 1537 vero
829 1461 1008 1538 interdum
1032 1465 1085 1538 uti
1106 1464 1241 1544 licebat
1257 1468 1307 1545 his

203 1596 342 1673 duabus
369 1594 538 1669 consonis
562 1621 636 1692 μπ,
662 1603 781 1669 tamen
808 1594 878 1669 hoc
902 1622 975 1670 non
991 1621 1134 1698 semper
1154 1599 1234 1675 fieri
1250 1627 1307 1704 po·

200 1738 304 1804 terat.
353 1727 481 1827 Itaque
507 1724 644 1799 mollire
669 1725 808 1800 litterae
840 1728 862 1801 d
894 1727 1060 1803 duritiem
1091 1728 1160 1804 alio
1194 1759 1307 1833 eoque

201 1859 308 1961 simili
333 1884 422 1934 sono
447 1856 644 1932 substituto
669 1855 856 1933 malebant.
892 1858 1074 1935 Dixerunt
1091 1861 1202 1962 igitur
1217 1865 1307 1967 But

199 1992 302 2093 ρωνα
324 2001 361 2066 et
384 1985 652 2066 Beorrooravdv
675 1987 874 2064 Varronem
901 2001 938 2066 et
954 1991 1231 2094 Vespasianum,
1249 1998 1306 2098 qui

199 2125 307 2201 etiam
331 2121 472 2199 mollius
490 2147 599 2224 saepe
616 2121 844 2197 nominantur
862 2124 1157 2216 Οὐεσπασιανὸς
1173 2139 1211 2204 et
1229 2130 1308 2207 Ori«

198 2256 333 2359 άῤῥωυ,
359 2255 510 2330 Balbum
536 2264 655 2329 autem
681 2265 718 2330 et
734 2252 887 2331 Brutum
904 2257 1126 2358 appellarunt
1149 2257 1305 2362 Βάλβου

200 2398 238 2463 el
260 2393 440 2486 Βροῦτον,
467 2385 635 2486 quoniam
659 2386 889 2487 Mnu'bpmrov
914 2399 952 2463 et
965 2396 1173 2490 Mmporirov
1196 2419 1305 2468 nemo

195 2518 418 2596 Graecorum
442 2516 642 2592 tolerasset.
698 2517 813 2593 Porro
843 2520 973 2596 Graeci
1006 2522 1221 2626 edixerunt
1248 2525 1304 2600 rel
1337 2534 1340 2539 '

195 2679 261 2754 pro
287 2654 304 2726 i
326 2651 580 2743 Romanorum,
605 2649 651 2725 ad
677 2651 774 2751 quod
799 2654 959 2754 proxime
984 2656 1131 2747 accedit,
1156 2654 1213 2732 vel
1236 2684 1302 2759 pro

194 2814 226 2872 e,
239 2786 272 2861 si
295 2782 506 2862 vocabulum
531 2783 585 2858 sic
608 2795 781 2861 mutatum
799 2788 944 2866 suarius
961 2816 1090 2865 sonare
1105 2787 1300 2867 videbatur.

193 2917 407 3018 Scipionem
424 2913 533 3014 igitur
550 2924 587 2986 et
597 2914 824 2990 Numitorem
839 2932 1088 3022 nuncuparunt
1100 2923 1299 3026 Σκηπίωνα

193 3059 232 3124 et
260 3043 481 3149 Νομήτορα,
519 3040 694 3119 Seuerum
727 3056 846 3121 autem
878 3061 916 3126 et
944 3051 1144 3129 Porsenom
1176 3056 1297 3132 eadem

117 3183 120 3189 ’
190 3180 310 3256 littera
332 3176 493 3253 adbibita
518 3181 688 3280 Σεβῆρον
718 3189 757 3254 et
779 3181 995 3282 Πορσήναν.
1050 3187 1181 3289 Neque
1211 3214 1295 3266 vero

190 3316 209 3389 ι’
230 3313 474 3390 Romanorum
498 3310 547 3385 ita
572 3335 716 3411 semper
738 3312 998 3391 transtulerunt
1020 3317 1159 3411 Graeci,
1182 3333 1224 3398 ut
1239 3322 1296 3397 ille

190 3470 302 3523 sonus
333 3452 551 3532 servaretur,
582 3441 648 3516 sed
678 3469 935 3546 nonnunquam
967 3448 1073 3523 etiam
1105 3482 1123 3526 ε
1153 3480 1220 3552 pro
1252 3479 1295 3530 eo

188 3586 416 3679 usurparunt
464 3573 581 3675 Legio
605 3573 772 3652 videlicet
796 3589 834 3653 et
858 3582 1072 3682 capitolium
1096 3611 1116 3658 a
1143 3585 1294 3662 Graecis

186 3696 377 3789 vertuntur
399 3704 543 3812 bspeslu
566 3715 605 3780 et
627 3707 878 3810 momeroibrov3
903 3714 1053 3786 linteum
1084 3710 1180 3784 haud
1210 3738 1294 3794 raro

185 3836 352 3930 λέντιον,
390 3842 492 3938 cujus
525 3837 606 3913 loco
636 3847 674 3913 et
703 3839 846 3915 λῖνηον
875 3842 913 3914 in
943 3866 1013 3915 usu
1043 3852 1128 3918 erat.
1179 3842 1292 3946 Quod

184 3968 232 4045 de
254 3968 384 4045 litteris
408 3974 438 4072 β
463 3980 501 4045 et
523 4003 549 4072 η
574 3970 795 4046 brevissime¹
812 3969 900 4063 dixi,
924 3998 971 4046 ne
994 3972 1101 4078 longa
1131 3977 1290 4081 disputa-

182 4100 284 4179 tione
308 4111 408 4179 extra
437 4103 621 4191 terminos,
657 4127 749 4202 quos
775 4101 860 4176 mihi
891 4108 1078 4201 constitui,
1109 4137 1287 4213 evagarer,

181 4232 279 4313 idem
301 4234 348 4311 de
372 4232 521 4338 reliquis
546 4230 726 4334 alphabeti
756 4238 874 4339 graeci
904 4249 941 4314 et
969 4238 1069 4317 latini
1099 4242 1285 4322 elementis

1233 4378 1284 4454 di·
