2684 4740
107 442 260 504 Primum
284 444 399 522 tonuit,
422 451 517 525 atquc
538 441 627 506 illico
651 441 772 508 coelum
795 457 909 526 movet,

106 572 240 636 Deinde
263 586 295 636 et
318 573 439 637 fulmen
462 584 581 637 terram
602 576 787 640 tremefacit.

104 701 243 768 Sedne
268 705 463 787 sicquidem
486 706 676 771 destiterunt
696 727 803 772 mures
826 729 846 774 a
868 710 1014 790 victoria,

103 837 165 899 sed
189 838 307 922 potius,
330 848 367 900 ut
389 837 562 924 dispellunt
584 859 658 902 oves
678 838 756 925 lupi,
779 871 783 880 ·

100 970 157 1030 sic
180 968 245 1054 ipsi
266 955 501 1056 dissipaverunt
523 969 692 1035 bellicosas
714 989 823 1035 ranas.

100 1063 235 1163 Moitae
258 1100 442 1164 ceciderunt
462 1101 499 1164 iu
521 1119 647 1181 aquam,
669 1112 759 1164 etse
781 1101 818 1163 iu
840 1099 943 1164 fossas
964 1102 1122 1168 abdidere.

98 1231 233 1294 Omnes
256 1232 321 1294 iere
344 1229 420 1293 illas
436 1229 655 1313 jugulassent,
677 1229 743 1292 uisi
765 1196 876 1294 rursm
897 1229 1043 1319 Iuppiter

98 1380 204 1446 opem
225 1361 305 1447 ipsis
327 1360 469 1424 misisset
490 1371 522 1423 et
543 1361 720 1424 subsidium
740 1379 866 1425 novum.

98 1492 216 1554 Genus
232 1491 390 1574 quoddam
403 1503 535 1578 repente
549 1493 706 1573 submisit,
718 1511 836 1576 magno
848 1512 919 1558 cum
930 1494 1210 1587 retrocedens)-

98 1621 212 1686 Retro
232 1623 270 1686 in
291 1612 433 1687 humeris
455 1623 523 1686 suis
546 1622 708 1688 habebant
730 1635 835 1711 caput.

98 1754 274 1819 Habebunt
296 1754 407 1818 oculos
427 1775 503 1818 suos
526 1755 562 1818 in
582 1753 774 1840 pectoribus,
798 1755 910 1836 quibus
931 1759 1115 1842 obruebant,

98 1899 239 1950 octonos
261 1886 357 1972 pedes
379 1884 551 1966 habebant,
574 1885 700 1969 oblique
721 1885 920 1952 tradebant
953 1866 960 1874 ’

98 2015 209 2082 Erant
230 2028 264 2079 ct
284 2016 441 2081 forficulis
462 2018 499 2079 iu
522 2036 577 2080 ore
599 2015 760 2095 instructi,
782 2015 863 2078 dura
884 2035 1019 2101 corpora
1038 2016 1209 2105 hebebant,

98 2169 201 2232 quum
222 2149 284 2212 toti
306 2158 415 2212 essent
437 2148 532 2229 ossei,
555 2165 594 2209 ac
616 2146 748 2209 minime
771 2155 884 2208 carnes
905 2144 1070 2213 habereut.

98 2279 277 2344 Habebunt
299 2277 428 2340 dorsum
449 2276 622 2339 rotundum
643 2274 847 2362 splendentes
868 2276 904 2341 in
926 2273 1077 2345 honeris

98 2410 241 2492 Ungues
261 2409 416 2492 gerebant
438 2402 559 2488 acutos,
581 2409 666 2472 sicut
687 2418 805 2491 gerunt
826 2407 914 2476 retes.

98 2540 210 2608 Erant
229 2551 261 2604 et
284 2541 440 2626 bicipites,
463 2558 503 2602 ac
523 2540 595 2603 siue
616 2540 765 2604 manibus
786 2551 892 2617 erant,

98 2693 164 2738 ora
187 2671 319 2735 illorum
340 2669 538 2748 scindebant,
561 2669 645 2731 sicut
664 2667 815 2730 scindunt
837 2667 948 2748 gladii.

98 2802 241 2871 Humeri
262 2818 373 2863 eorum
394 2770 614 2886 splendebant,
638 2806 792 2878 tanquam
813 2795 938 2876 ferrati,

98 2933 232 2999 eminus
254 2932 461 3018 apparebant,
484 2929 575 3011 quasi
597 2938 706 2992 essent
727 2927 855 2990 armati.
962 2922 968 2931 ’

98 3065 200 3133 Hunc
221 3062 262 3126 ad
284 3062 411 3126 modum
433 3059 628 3125 monstruosi
649 3064 868 3146 apparuerunt
888 3054 951 3140 lili,
1006 3033 1008 3036 .

99 3196 160 3279 qui
181 3184 390 3259 nominantur
411 3203 445 3258 et
466 3192 615 3257 dicuutur
636 3191 756 3254 cancri.

98 3327 252 3394 Muribus
274 3323 310 3388 hi
332 3334 500 3410 amputent
522 3321 639 3386 caudas
660 3333 695 3387 et
714 3321 823 3408 pedes,

99 3458 314 3545 amputabant
335 3466 369 3519 et
389 3475 503 3518 mauris
525 3472 645 3533 eorum,
667 3453 752 3519 unde
773 3453 963 3518 excidebant
984 3450 1110 3518 hastae.
1204 3486 1207 3490 Δ

99 3591 228 3658 Motum
250 3607 402 3671 magnum
424 3604 598 3672 concepere
620 3605 736 3666 mures,
759 3595 792 3649 et
812 3585 972 3668 sugerunt,

101 3721 244 3809 amplius
266 3739 333 3783 nou
354 3719 535 3798 manebant,
557 3717 615 3781 sed
637 3715 785 3803 dissipati
806 3716 944 3779 abibant

100 3855 197 3921 Tunc
219 3851 316 3916 etium
339 3848 400 3916 Sol
423 3850 539 3914 occidit
560 3859 593 3911 et
615 3848 741 3912 abditus
764 3856 825 3923 est,

98 3999 198 4071 atque
225 4003 290 4046 uuo
312 3982 364 4047 dic
385 3980 503 4047 bollum
526 3979 621 4044 desiit
642 3990 675 4045 et
696 3979 866 4043 diremtum
889 3983 945 4038 cst.

1216 3546 1241 3598 θ
1329 3608 1332 3613 ,
