2684 4740
1112 224 1172 281 um

10 334 25 411 l

10 412 40 529 g
66 391 179 492 Quod
204 391 249 465 ad
273 390 437 470 vertendi
461 376 634 465 rationem
659 390 796 480 attinet,
822 417 892 491 qua
908 392 1059 470 Crusius
1083 421 1170 474 usus

10 554 36 623 a.¹
66 524 234 615 estsere
260 524 378 597 omnia
402 523 612 600 adverbum
637 521 836 613 transtulit,
867 524 921 599 sic
951 534 992 599 ut
1021 525 1172 627 plurima

10 624 40 727 ξε.
64 656 149 733 non'
174 657 262 731 satis
299 655 406 729 latine
443 653 686 729 redderentur.
736 653 856 753 Quam
886 682 963 731 rem
993 657 1031 730 in
1054 657 1170 760 Epist.

32 784 37 813 ÷
64 786 228 862 Dedicat.
253 816 287 888 p.
313 791 336 860 5
362 787 411 861 ait
435 814 454 860 a
479 786 621 861 nemine
647 812 762 885 aequo
781 787 914 862 lectore
931 789 1168 888 improbatum

13 1018 17 1029 Ι
64 919 122 1009 iri,
165 918 263 1019 quod
297 919 492 1018 legentium
528 917 754 995 commodum
790 917 906 994 solum
944 925 1169 1019 spectaverit

15 1138 18 1145 ¹
62 1051 244 1151 Equidem
267 1051 337 1126 hoc
360 1053 505 1127 nomine
528 1077 605 1125 non
627 1051 791 1149 vitupero
816 1050 999 1141 Crusium,
1025 1054 1108 1152 quia
1131 1054 1170 1129 in

10 1198 12 1203 '
55 1168 271 1284 interprete,
297 1183 360 1282 qui
386 1182 725 1280 adintelligendum
749 1179 979 1278 archetypum
996 1181 1172 1283 aliispro-

65 1313 174 1388 desse
199 1313 286 1403 vult,
311 1314 424 1413 prima
447 1313 562 1390 virtus
587 1338 660 1385 non
686 1310 857 1412 elegantia
886 1309 953 1385 sed
982 1310 1073 1393 fides
1098 1323 1173 1411 eet3

62 1454 101 1520 at
126 1446 188 1518 ubi
211 1443 308 1518 nulla
332 1455 408 1520 erat
423 1443 572 1519 barbare
589 1441 760 1543 loquendi
776 1443 982 1532 necessitas,
998 1442 1048 1517 ibi
1063 1445 1171 1523 etiam

61 1577 177 1656 virum
202 1576 335 1676 alioqui
358 1575 543 1652 latinitatis
568 1603 641 1652 non
658 1562 830 1677 ignarum,¹
846 1575 994 1649 barbare
1010 1574 1169 1657 locutum

63 1736 145 1786 esse
169 1709 288 1784 miror.
337 1708 507 1808 Denique
532 1707 682 1783 Crusius
713 1733 844 1807 pancas
873 1707 1045 1806 quasdam
1062 1707 1170 1785 adno-

38 1842 230 1939 tationes,
256 1839 500 1940 explicationis
526 1840 652 1940 gratia,
678 1838 779 1938 operi
801 1836 959 1913 Zeniano
991 1838 1170 1932 adnexuit,

64 1999 151 2073 quas
188 1999 263 2048 non
296 1972 414 2073 magni
449 1971 556 2070 pretii
590 1997 687 2060 csse,
722 1971 782 2048 vix
806 1980 864 2045 est
889 1969 987 2070 quod
1011 1970 1169 2047 doceam.

63 2105 192 2179 Crusio
217 2102 419 2189 inedendo
446 2127 556 2200 opere
578 2102 737 2175 Zeaiano
763 2102 939 2175 successit
962 2100 1169 2177 tonatim

60 2236 233 2334 Langius‚
259 2234 383 2333 quiin
407 2243 508 2332 parte
534 2232 645 2305 altera
669 2229 888 2332 Philologiac
912 2230 1171 2333 Barbarogcae·

11 2436 14 2441 .
63 2393 138 2456 cae,·
171 2375 212 2440 ut
248 2364 328 2465 ipse
364 2362 459 2453 dicit,
494 2372 631 2438 textum
669 2363 848 2455 carminiS,
884 2362 1023 2462 qualem
1049 2363 1170 2441 Crusii

61 2498 321 2602 Tarcograecia
345 2495 508 2597 praebet,
534 2522 615 2572 cum
641 2498 717 2595 ejus
742 2493 974 2570 translatione
999 2494 1107 2571 latina
1131 2507 1170 2581 ct

60 2630 349 2705 adnotationibus
375 2628 529 2726 repetiit
579 2606 632 2700 At
654 2637 794 2700 tantum
820 2628 932 2716 abest,
949 2636 991 2700 ut
1007 2596 1167 2728 Longius

58 2762 149 2836 nihil
172 2762 245 2832 nisi
268 2759 339 2831 hoc
362 2757 497 2844 lecerit,
522 2765 562 2828 ut
585 2756 693 2830 variis
718 2754 817 2826 locis
837 2754 1048 2827 mendosum
1079 2756 1170 2831 Cr'u·

61 2893 108 2967 sii
144 2898 281 2965 textum
317 2886 426 2962 tacite
463 2886 640 2988 corrigere
679 2883 898 2995 tentaverit
930 2884 1170 2986 Quinetiam

59 3005 515 3110 translationem‘latinam,'
534 3034 748 3118 quamquam
772 3017 952 3093 rarissime
984 3028 1022 3093 et
1050 3018 1088 3093 ia
1112 3046 1168 3095 ro·¹

60 3158 128 3232 bus
153 3155 256 3256 parui
280 3152 461 3241 momenti,
486 3151 647 3228 mutavit.
695 3148 780 3224 Non
796 3159 916 3231 tamen
931 3170 1056 3227 omnes
1073 3150 1167 3225 Lan·

10 3290 13 3295 ’
61 3288 109 3391 gii
135 3284 401 3360 emendationes
424 3282 666 3359 admittendae
691 3290 785 3371 sunt,
812 3280 945 3382 quippe
964 3283 1027 3382 qui
1041 3301 1167 3383 purum

60 3419 224 3495 novisset
247 3419 428 3519 vulgarem
453 3417 691 3518 graecitatem.
744 3413 857 3513 Cujus
874 3413 928 3487 rei
949 3412 1110 3513 exempla
1123 3439 1168 3503 en

60 3552 149 3626 m'eis
189 3549 321 3624 criticis
356 3548 644 3623 adnotationibus
678 3546 754 3647 peti
790 3554 952 3647 possunt.
1006 3544 1165 3648 Longius

62 3680 364 3759 Commentarium
389 3706 463 3753 non
487 3680 641 3782 scripsit,
665 3704 784 3780 neque
809 3679 848 3752 in¹
870 3677 966 3752 notis
980 3675 1167 3757 Crusianis

62 3814 258 3916 quidquam
281 3812 518 3915 interpolavit.
572 3812 717 3888 Tertius
745 3812 853 3910 hujus
886 3813 1061 3911 poematis
1088 3809 1167 3885 edi·

61 3957 117 4023 tor
141 3946 210 4020 luit
232 3945 407 4046 Ilgenius‚
433 3944 494 4044 qui
518 3945 554 4019 in
579 3945 801 4044 Hymnornm
825 3943 1096 4019 Homericorum
1129 3953 1167 4019 et

41 4075 482 4178 ¹Batrachomyomachiae
507 4076 698 4151 editionem
722 4075 815 4149 hanc
841 4100 984 4176 quoque
1002 4075 1166 4172 Zenipa-

61 4186 248 4311 raphrasin
271 4209 454 4288 Ranarum
478 4218 515 4283 et
538 4207 697 4284 Munium
720 4231 861 4307 pugnae
884 4207 1029 4304 recepit.
1065 4200 1167 4285 omi-
