2684 4740
1120 241 1164 312 81

66 444 214 489 sermone
237 435 270 488 et
291 421 411 505 τροῧπα
432 423 506 486 dici.
557 422 668 506 Itaque
697 423 831 489 Crusius
858 424 913 490 hic
941 445 1070 495 sensum
1096 441 1165 499 tan.

64 559 145 628 tum,
168 568 236 610 non
258 547 365 633 ipsum
388 547 516 610 verbum
537 546 689 628 reddidit,
712 548 928 635 interpretans
950 549 1108 621 evadam.

198 669 242 731 V.
265 665 318 763 91.
362 659 459 749 κορμί
477 667 528 732 vel
548 660 680 750 mppioc
699 670 921 736 diminutivum
938 676 1166 761 nominiaaoo.

64 779 135 872 μὸς,
159 794 249 875 cujus
270 790 340 854 loco
363 791 483 856 Aeoles
505 793 590 879 apud
612 805 734 856 veteres
755 783 870 872 καρπός
891 796 1047 859 dicebant.
1070 801 1165 877 Quod

66 934 163 995 quum
184 914 221 977 in
242 915 374 995 antiqua
396 913 509 998 lingua
523 925 652 999 praeter
666 910 841 977 caudicem
859 925 893 977 et
906 912 1053 1001 stipitem
1066 922 1165 988 etiem

64 1044 231 1110 truncum,
251 1037 410 1122 imprimis
433 1035 578 1121 corporis
600 1037 770 1115 notaverit,
793 1055 861 1099 non
876 1036 990 1100 mirum
1005 1052 1065 1120 est,
1083 1045 1166 1123 quod

63 1151 163 1238 κορμί
191 1177 278 1220 nunc
310 1177 436 1242 semper
469 1176 529 1241 pro
560 1173 702 1239 corpore
735 1157 900 1241 accipitur.
945 1156 993 1221 ct.
1016 1159 1104 1224 lacos
1126 1185 1168 1229 ex

65 1279 294 1342 vetustioribus
316 1277 526 1362 scriptoribus
547 1275 665 1340 allatos
686 1278 771 1363 apud
791 1277 938 1361 Ducang.
955 1279 1059 1347 Gloss.
1081 1286 1164 1350 med.

64 1413 99 1464 et
121 1401 180 1462 ini.
204 1398 258 1462 Gr.
274 1398 364 1461 Tom.
387 1399 404 1461 I
425 1418 500 1484 pag·
524 1397 599 1478 715,
620 1399 673 1462 ubi
688 1410 721 1461 et
738 1397 819 1463 haec
831 1398 995 1464 Eustathii
1012 1407 1107 1470 verba
1124 1410 1166 1473 ad

65 1543 135 1587 rem
157 1520 382 1584 illustrandam
403 1521 571 1606 aptissima
593 1532 763 1585 memorat:
790 1511 826 1582 cd
847 1512 911 1582 ἀπὸ
932 1513 1091 1605 νραχήλου
1111 1523 1165 1610 μέ.

64 1667 135 1726 χρις
157 1633 284 1703 αἰδοίων
304 1631 397 1712 κύτος
417 1639 474 1702 «οὔ
494 1631 640 1722 σώματος
660 1635 739 1715 δίχα
759 1641 820 1703 τῶν
840 1643 964 1726 χειρῶν,
986 1630 1004 1706 li
1025 1639 1082 1708 aceti
1104 1641 1167 1721 &ol-

65 1755 154 1850 ρακά
174 1783 252 1834 truce
272 1761 437 1841 καλοῦσιν,
461 1751 554 1844 ἕτεροι
575 1753 611 1822 δὲ
633 1752 761 1844 κορμὸν,
784 1761 950 1834 ἰδιαπικῶς.
977 1801 1020 1817 -
1053 1761 1094 1829 ccl
1113 1762 1166 1832 νύ.

66 1909 126 1964 xta
148 1889 170 1951 i.
193 1910 222 1950 e.
243 1876 285 1946 tel
306 1877 435 1966 ὀνύχια,
457 1874 528 1956 τοὺς
549 1869 681 1959 ὄνυχας.
730 1885 808 1950 Vid.
835 1899 948 1951 notata
971 1888 1012 1951 ad
1030 1889 1168 1977 'Dialogl

66 2033 146 2076 vers.
168 2009 200 2074 3.
228 2044 273 2056 -
297 2029 350 2083 cna
371 2009 393 2072 i.
417 2029 444 2072 e.
468 2000 573 2083 αὐτῆς.
606 2038 650 2052 -
680 1996 793 2087 ’μπήξῃ
815 2027 874 2093 per
895 2006 1089 2100 aphaeresin
1109 2032 1168 2099 pro

67 2118 196 2215 ε’μπῆξῃ,
219 2130 302 2213 quod
324 2132 493 2193 formatum
510 2141 559 2192 est
574 2149 594 2192 a
609 2128 773 2214 praesenti
788 2116 916 2209 ε’μπήγω
938 2128 990 2194 vel
1013 2123 1168 2211 ipseimco.

66 2257 120 2335 Ita
140 2251 292 2317 videlicet
313 2249 409 2314 hodie
429 2270 489 2338 pro
511 2251 643 2332 antiquo
665 2237 845 2331 ε’μπῆγνυμι
872 2251 978 2317 dicere
1001 2273 1169 2320 oomueve-

66 2385 144 2440 runt
166 2373 290 2437 Graeci.

196 2494 240 2558 V.
263 2471 315 2560 95.
360 2488 445 2557 αὐτὰ
472 2483 723 2560 demonstrativa
749 2496 781 2560 vi
808 2517 867 2584 pro
894 2494 1011 2580 canica,
1039 2510 1075 2563 ut
1096 2501 1168 2584 jam

67 2620 122 2685 hic
143 2618 212 2682 illic
233 2619 270 2681 in
290 2628 431 2680 veterum
455 2617 555 2680 libris.
599 2616 686 2678 Vide
707 2615 888 2678 Hermanni
910 2617 1169 2686 dissertationem

67 2745 107 2807 dc
129 2742 322 2828 pronomine
345 2727 440 2804 αὐτὸς
466 2737 503 2798 in
529 2737 648 2822 Opusc.
676 2733 752 2796 Vol.
776 2735 793 2797 I
820 2754 894 2820 pag.
918 2735 983 2800 316
1011 2748 1045 2800 et
1069 2738 1169 2803 Hein.

68 2865 145 2928 dori
165 2861 207 2924 ad
228 2857 376 2921 Platonis
398 2856 476 2939 Lys.
498 2877 572 2944 pag.
597 2855 628 2921 4.
653 2889 697 2900 -
718 2847 909 2935 ’dolocomae
928 2859 950 2922 i.
967 2879 994 2922 e.
1012 2851 1171 2941 εὑρίσκον.

68 3006 135 3046 σαι.
154 3016 196 3029 -
217 2970 342 3061 κάμπας
363 2999 512 3066 campus,
530 2975 707 3067 planities,
730 2999 791 3042 vox
812 2978 931 3062 latina,
954 2981 993 3045 de
1015 3002 1078 3065 qua
1100 2985 1168 3049 fuse

67 3109 137 3192 egit
168 3104 356 3187 Ducangius
382 3102 420 3165 in
448 3101 592 3166 Glossar.
626 3101 707 3164 med.
742 3112 776 3164 et
807 3102 865 3162 inl.
894 3100 1007 3165 Graec.
1032 3101 1125 3168 Tom.
1150 3106 1174 3176 Ι,

66 3250 144 3319 pag.
168 3225 232 3291 566
255 3245 341 3307 seqq.
385 3224 491 3299 Adde,
512 3225 542 3288 si
563 3222 678 3309 volupe
700 3234 758 3302 est,
784 3221 859 3285 Cor.
880 3213 940 3282 ’Aa
962 3222 997 3285 II
1018 3244 1050 3308 p.
1076 3223 1148 3288 177.

202 3348 244 3411 V.
269 3346 322 3411 96.
367 3336 480 3426 ἐχῇροὶ
507 3345 557 3409 vel
580 3346 755 3428 genitivum
776 3342 828 3406 vel
855 3342 997 3405 dativum
1023 3344 1059 3404 in
1087 3345 1169 3407 anti-

64 3495 133 3559 qua
162 3471 338 3556 graecitate
366 3470 484 3552 exigit3
513 3469 619 3548 itaque
646 3468 773 3547 quando
801 3464 1017 3544 accusativus,
1051 3465 1105 3544 qui
1133 3486 1170 3530 re

66 3616 146 3663 vera
169 3597 208 3658 ab
231 3591 294 3655 hoc
316 3590 467 3654 vocabulo
490 3588 616 3652 alienus
639 3601 705 3669 ost,
728 3599 851 3666 tamen,
880 3597 917 3648 ut
944 3583 998 3647 hio
1018 3606 1076 3673 por
1096 3608 1169 3674 pro·

66 3737 189 3785 nomen
206 3708 305 3795 ἒμένα
321 3712 369 3793 fit,
385 3713 416 3774 ei
431 3713 626 3795 adjungitur,
641 3711 741 3774 dativi
756 3707 894 3773 vicarius
910 3706 954 3771 sit
965 3727 1096 3771 necesse
1111 3720 1169 3772 est.

204 3836 248 3899 V.
272 3836 325 3901 97.
369 3823 511 3915 pointed,
532 3851 657 3907 verum,
679 3821 781 3907 aad,
803 3829 888 3894 nihil
905 3841 954 3894 est
975 3830 1041 3893 nisi
1054 3829 1171 3894 Italica

65 3960 232 4052 particula
254 3978 323 4034 ma,
345 3977 425 4038 quae
447 3975 534 4018 nuno
556 3973 678 4037 quoque
699 3955 735 4016 in
756 3936 859 4038 plebis
880 3972 937 4017 ore
958 3963 1110 4017 versatur.
1128 3985 1171 3998 -·

66 4087 123 4154 De
145 4079 290 4162 φοβᾶσαι
311 4079 384 4144 vido
406 4097 486 4159 quae
508 4077 730 4141 adnotavimus
752 4074 793 4138 ad
816 4094 913 4139 verss.
936 4073 979 4139 35
1002 4084 1036 4137 et
1057 4071 1110 4136 38.

205 4202 250 4265 V·
273 4199 326 4266 98.
370 4188 551 4281 συρνόμευα
577 4208 653 4263 sunt
679 4192 837 4282 reptilia,
863 4196 947 4278 quod
974 4211 1092 4297 nomen
1118 4190 1170 4254 de-
