2684 4740
179 201 263 251 tottii

180 371 218 445 iu
249 368 386 470 vulgari
417 365 536 466 lingna
569 361 761 447 fundatae:
796 360 966 463 Quodsi
997 361 1172 453 lacerem,
1206 367 1288 441 scie·

181 503 265 577 bam
286 500 375 591 lore,
400 508 441 575 nt
465 496 547 573 libri
570 496 684 607 moles
710 493 815 581 valde
839 505 1072 603 accresceret.
1107 495 1217 583 Duae
1236 526 1288 581 au-

180 645 255 721 tem
286 632 430 719 fuorunt
461 628 622 717 mutandi¹
654 628 794 715 consilii
826 654 972 715 causae,
1019 627 1164 719 Altera,
1198 634 1288 732 quod

178 736 271 853 oiri⁴
292 763 517 867 bibliopolae,
543 761 788 839 honestissimi
807 762 883 852 oroi,
909 762 1000 846 rouo
1023 760 1192 837 ioioooo
1210 775 1289 854 ooor,

183 900 246 1000 qui
268 899 399 975 librum
425 897 577 999 exiguae·
596 895 700 982 molis
727 920 809 981 esse
832 893 984 979 volebat.
1033 895 1171 988 Altera,
1200 898 1289 998 quod

181 1059 297 1133 quum
325 1031 430 1134 pauci
461 1029 568 1113 etiam
591 1054 688 1116 nunc
719 1028 810 1118 sint,
847 1029 909 1130 qui
939 1028 1076 1103 recenti
1109 1030 1289 1131 graecitati

182 1191 328 1267 operam
353 1163 449 1255 dent,
474 1163 596 1266 plures
621 1160 860 1263 intelligebam
884 1159 1041 1250 futuros,
1075 1161 1138 1261 qui
1157 1161 1205 1235 ln
1229 1162 1289 1237 lior

183 1297 449 1381 Commentario
475 1323 535 1374 res
559 1306 663 1373 nota-s
689 1305 727 1370 et
750 1292 884 1384 laciles,
904 1319 1010 1394 quam
1024 1293 1086 1394 qui
1100 1294 1289 1394 ignotaset

183 1428 345 1515 difficiles
371 1427 441 1503 sibi
467 1428 598 1528 exponi
621 1425 764 1511 vellent.
824 1425 1057 1526 Quapropter
1089 1425 1143 1501 sic
1180 1428 1289 1530 expla-

182 1554 266 1636 navi
291 1584 434 1643 carmen
457 1559 671 1648 Zenianum,
695 1567 737 1633 ut
763 1584 803 1631 ea
829 1556 946 1649 omnia
970 1558 1008 1639 in
1041 1557 1175 1657 quibus
1210 1561 1290 1635 anti·

184 1692 247 1792 qui
272 1691 449 1768 sermonis
474 1692 588 1795 gnari,
614 1690 825 1767 recentioris
851 1700 970 1773 autem
1002 1689 1115 1791 ignari
1147 1691 1290 1769 haerere

182 1834 351 1924 possent,
370 1824 529 1901 breviter
553 1823 775 1907 illustrarem.
831 1822 875 1896 In
900 1848 972 1924 qno
998 1823 1144 1920 negotio
1172 1849 1290 1928 super·

183 1956 311 2039 sedero
337 1966 498 2059 poteram
522 1955 581 2035 vel
604 1954 784 2058 Ducangii
810 1953 1050 2045 Glossarium,
1082 1953 1140 2031 rcl
1166 1956 1290 2033 Corais

139 2148 140 2151 ,
184 2112 303 2187 opera,
328 2088 385 2163 vel
409 2089 647 2165 recentiorum
673 2089 905 2191 quorundam.
920 2087 1231 2190 grammaticormn
1255 2091 1292 2164 li·

183 2216 303 2299 bellos,
324 2216 443 2292 citare.
494 2221 682 2323 Quidquid
708 2224 800 2298 enim
827 2221 901 2296 dini
925 2221 974 2297 ita
1000 2230 1137 2297 certum
1160 2230 1225 2309 ast,
1252 2233 1292 2295 ut

113 2343 118 2353 ’
183 2348 314 2427 nullius
340 2349 548 2431 testimonio
574 2364 686 2450 egeat.
735 2354 810 2427 Sed
830 2378 939 2450 quum
959 2377 1064 2450 quam
1082 2351 1293 2431 brevissime

184 2481 303 2563 omnio
332 2489 485 2555 tractare
516 2479 604 2554 mihi
634 2482 856 2583 propositum
895 2493 1007 2580 esset,
1045 2508 1196 2559 neeesse
1230 2485 1293 2561 suit

183 2613 442 2711 saepenumero
469 2609 617 2687 aliorum
648 2611 760 2709 libros
787 2612 948 2716 allegare,
981 2625 1021 2689 ut
1050 2615 1210 2693 lectores
1235 2617 1292 2692 ad-

182 2770 375 2837 monerem,
400 2743 462 2821 ubi
486 2745 588 2847 plura
613 2746 658 2822 de
685 2757 910 2849 argomento,
937 2745 982 2821 cle
1009 2774 1079 2848 quo
1105 2748 1200 2824 sorte
1227 2753 1293 2854 agi·

181 2888 252 2969 tur,
278 2878 373 2953 dicta
400 2888 531 2954 essent.
572 2878 683 2977 Quod
708 2905 780 2951 nou
806 2906 850 2952 eo
876 2879 967 2985 dico,
995 2908 1066 2978 quo
1086 2881 1292 2980 significent,

183 3007 369 3107 scriptoris
395 3032 416 3079 a
440 3030 497 3077 me
523 3006 666 3078 excitati
692 3007 922 3092 sententiam,
954 3009 1003 3081 ita
1033 3010 1120 3084 mihi
1152 3040 1293 3118 semper

182 3135 344 3240 probari,
376 3147 417 3213 nt
440 3160 508 3211 nec
534 3133 632 3237 quod
657 3130 803 3224 addam,
835 3160 903 3209 nec
930 3138 1027 3238 quod
1053 3137 1209 3237 demam,
1236 3174 1294 3223 ne.

185 3295 257 3370 que
282 3269 445 3361 omuino,
472 3269 570 3372 qnod
602 3267 776 3372 corrigam
809 3293 891 3355 esse
924 3269 1010 3359 mili
1040 3271 1180 3351 videam
1214 3282 1296 3357 reli.¹

184 3413 291 3481 ctum.
347 3402 461 3479 Immo
486 3402 637 3505 plurima
663 3411 748 3478 sunt
773 3400 854 3485 illio,
874 3402 965 3503 ipsis
995 3404 1190 3503 Ducangii,
1224 3411 1299 3486 Co.

184 3536 259 3617 rain
284 3535 504 3638 aliorumque
529 3534 628 3625 locis,
655 3536 699 3610 ad
725 3560 816 3636 quos
834 3534 986 3611 lectores
1005 3533 1170 3637 relegavi,
1198 3565 1293 3639 quae

183 3669 362 3770 corrigere
387 3669 596 3770 potuissem,
623 3669 654 3744 si
679 3669 717 3743 in
741 3668 810 3751 lioc
835 3668 1019 3747 brevitatis
1046 3669 1165 3747 studio
1191 3674 1294 3750 resel-

181 3800 298 3883 lendis
330 3799 480 3876 aliorum
512 3802 691 3879 erroribus
722 3829 849 3880 vacare
881 3802 1051 3878 licuisset.
1107 3802 1292 3897 Interdum

182 3933 278 4015 enim
303 3959 354 4031 ea,
379 3933 417 4007 in
443 3933 572 4035 quibus
598 3935 659 4011 isti
684 3946 886 4038 peccarunt,
913 3937 1087 4035 ejusmodi
1119 3947 1220 4028 sunt,
1254 3950 1292 4017 ut

181 4065 348 4143 uberiore
374 4061 615 4168 disputatione
641 4095 733 4170 opus
759 4069 817 4158 sit,
844 4094 912 4168 qua
938 4067 1147 4160 lectoribus,
1172 4071 1292 4173 vulga·

180 4199 231 4277 ris
256 4177 396 4304 linguae
421 4201 580 4279 nondum
605 4200 748 4304 peritis,
778 4198 858 4279 illos
883 4199 1002 4303 lapsos
1034 4227 1115 4289 esse
1147 4228 1291 4304 persua·
