2684 4740
644 154 647 159 .
683 70 838 279 j
1231 112 1236 122 ⁴
1313 114 1332 145 o

674 212 681 233 ¹
1106 232 1153 306 ar

13 415 17 422 ’
46 429 137 494 Fieri
160 429 281 511 nequit,
303 438 349 508 ut,
374 427 459 509 quod
481 429 625 492 iecerunt
645 427 681 492 ln
703 446 765 508 me,
789 426 970 492 obliviscar.
1057 406 1060 410 ’

50 560 198 637 Quadam
220 566 315 624 nocte
338 578 389 622 mc
410 577 477 622 non
499 536 643 623 siverunt
665 558 774 623 oeulos
795 574 884 624 meos
907 558 1066 624 claudere.

50 693 77 755 E
98 692 186 756 bello
210 693 374 756 veniebam
395 701 492 773 atque
513 708 602 755 eram
624 691 759 772 defessa,

52 845 164 888 sonrno
188 824 390 907 indigebam
411 823 468 888 red
490 824 575 887 istae
597 833 784 887 exsecratae

52 968 155 1019 totam
176 966 303 1019 noctem
325 957 516 1036 coenabant,
539 965 571 1018 et
592 955 763 1041 strepitum
785 956 955 1028 ,iaciebant
1084 937 1087 941 Δ

52 1088 165 1167 ltaque
175 1087 332 1150 insomnis
339 1089 498 1170 jacebam,
516 1087 552 1148 in
567 1085 716 1149 molestia
733 1104 785 1146 mo
799 1085 961 1169 ponebant
975 1084 1009 1164 (l.
1022 1094 1048 1147 c'.
1062 1086 1159 1149 mole·

52 1217 193 1281 Noctem
204 1223 304 1280 totam
315 1231 404 1280 eram
417 1217 453 1279 in
463 1215 714 1298 vigiliamagna.
761 1209 874 1297 [stiam
885 1210 1160 1295 mlhleilerebant)

56 1349 178 1410 Omnia
201 1345 283 1410 mihi
305 1348 449 1410 membra
470 1344 668 1426 laborabant,
692 1344 838 1409 dolebam
861 1346 973 1432 capite.

55 1476 135 1557 seo,
159 1500 178 1540 0
202 1478 257 1558 aar,
280 1479 498 1542 remoramur
519 1480 561 1542 aa
583 1495 644 1565 opo
664 1477 737 1542 ato
759 1451 903 1557 serenae,

57 1608 434 1692 quia‚(quantum)vidco‚
448 1610 534 1674 acies
545 1609 716 1673 admodum
727 1611 813 1674 inter
824 1611 1063 1696 repropinquare
1073 1622 1160 1692 sant,

60 1741 177 1805 Cuncti
187 1762 247 1804 nos
254 1742 293 1803 de
307 1741 396 1804 coelo
403 1714 708 1826 agitedespioiamus
714 1741 884 1827 proelium,
907 1737 1160 1823 [nefortcetiam

59 1870 624 1959 unusquisquenostrumvoluptatem
632 1887 783 1956 magnam
792 1871 918 1935 hebeat
933 1867 1160 1957 [vulneremur.

61 2004 189 2068 Exinde
212 2003 271 2068 illa
293 2003 390 2068 desiit
412 2002 535 2085 (lari),
562 2017 600 2065 ac
620 2002 680 2066 Dii
701 2003 892 2066 audiverunt

60 2138 156 2200 verba
179 2139 258 2218 ejus,
281 2135 432 2197 abiemnt
453 2133 495 2197 ad
518 2131 634 2212 locum,
656 2144 690 2196 et
711 2141 908 2218 spectarunt.

61 2269 157 2331 Tunc
177 2263 323 2349 Iuppiter
345 2263 497 2343 intonuit,
521 2261 639 2325 culices
660 2265 736 2327 tuba
759 2262 959 2342 cecinerunt3

62 2416 171 2461 mures
193 2406 226 2458 ct
246 2409 348 2458 ranae
369 2392 498 2481 proelio.
517 2392 740 2459 conflixerunt.

61 2529 253 2616 Hypsiboas'
266 2536 337 2589 erat
358 2524 472 2611 plenus
494 2526 693 2608 fortitudine,

62 2671 96 2725 et
117 2661 240 2746 primus
261 2654 439 2719 Llchenori
461 2657 549 2720 dedit
571 2656 670 2718 ictum
692 2653 799 2733 hasta,

63 2794 101 2855 in
118 2793 221 2873 jecur.
267 2785 393 2848 Cecidit
414 2783 472 2847 ille
494 2787 661 2864 extensus}

65 2931 152 2987 totus
173 2917 303 3007 pulvere
326 2903 515 3004 conspersus
537 2927 596 2996 est,
619 2925 653 2980 et
674 2915 830 2980 remansit
851 2925 1005 2981 mortuos.
1130 2947 1134 2953 ·

64 3052 265 3136 Troglodyta
286 3049 403 3113 deinde
424 3048 535 3114 infixit
556 3038 704 3113 lanceam

60 3182 101 3251 'in
122 3195 233 3271 pectus
254 3181 412 3262 Pelionis‚
435 3181 490 3264 qui
511 3189 582 3245 erat
603 3181 753 3246 robustus
769 3182 908 3265 juvenis.

66 3317 225 3382 Celeriter
246 3316 459 3395 exanimatus,
483 3325 516 3378 et
537 3325 682 3379 mortuus
703 3325 754 3377 eet
770 3303 910 3398 juveram,

66 3449 269 3514 tenebricosa
290 3465 377 3511 mors
398 3447 505 3534 ipsum
527 3446 612 3533 cepit
635 3441 812 3509 confestim.

68 3565 242 3647 Seutlaeus
265 3597 375 3643 caesus
397 3587 457 3657 est,
480 3576 535 3660 qui
556 3586 627 3641 erat
648 3575 782 3643 honoris
804 3579 934 3662 magni3·
986 3563 989 3568 ’

67 3712 156 3778 huno
173 3709 282 3794 jaculo
305 3709 364 3773 icit
384 3706 657 3791 Embarichytrus.

69 3842 247 3923 Ocimides,
269 3840 383 3904 videns
405 3850 564 3903 mortuum
586 3839 784 3919 Seutlaeum‚

69 3993 267 4060 magnopere
289 3973 391 4058 ipsius
415 3991 525 4036 casum
546 3972 659 4055 doluit,
682 3954 759 4037 non*
773 3970 970 4055 exspectavit
991 3967 1145 4053 amplius3

64 4115 202 4194 juncum
223 4115 352 4169 acutum
374 4105 540 4187 quaesivit,
562 4106 660 4169 ictum
683 4105 779 4169 hasta
801 4120 953 4183 magnum

71 4238 204 4320 inflixit,
227 4246 260 4301 et
280 4237 443 4301 interiecit
464 4235 754 4322 Embasichytrum.
