2684 4740
199 214 246 286 78

200 409 351 477 vertenda
373 420 462 472 sunt:
485 423 703 494 nequaquam
724 402 764 470 id
783 411 885 469 cierat
912 402 962 466 vel
985 403 1027 466 ad
1048 401 1199 466 litteram
1226 400 1304 466 nilu'i

200 531 240 598 id
259 539 370 599 currat.
414 531 467 594 De
489 524 604 600 circaea
626 531 765 594 diximus
788 529 830 592 ad
851 526 987 609 Dialogi
1008 547 1090 589 vers·
1119 526 1148 588 1.

330 655 374 717 V.
397 651 449 718 84.
495 643 560 734 ἅμὴ
581 651 661 727 aad,
683 653 805 716 novitia
825 650 954 729 vocula,
977 668 1073 731 quam
1095 652 1302 736 compositam

198 799 272 843 esse
288 789 404 841 notant
427 777 630 861 grammatici
657 796 698 839 ex
720 761 763 834 dv
785 786 817 838 et
838 763 899 854 μή,
928 775 976 836 ita
1004 783 1040 835 ut
1067 783 1197 836 mutata
1224 786 1301 859 pote·

201 914 284 966 state
294 900 553 964 exconditionali
560 897 719 984 particula
726 899 761 960 in
774 897 1006 961 adversativam
1018 896 1199 958 transierit.
1209 886 1300 955 -m't

178 1011 298 1105 ωιμα
320 1043 430 1085 rursus
452 1034 556 1086 neutr.
575 1022 657 1109 plur.
681 1041 741 1106 pro
764 1021 924 1099 adverbio,
948 1022 1039 1101 cujus
1062 1019 1111 1081 rei
1135 1019 1233 1103 plura
1242 1023 1300 1103 jan

201 1146 348 1232 exempla
369 1147 516 1209 vidimus.
552 1180 596 1191 -
625 1134 781 1222 ροχαλίζω
803 1142 853 1205 vel
875 1132 1055 1222 doykair‘gm
1083 1142 1171 1225 apud
1201 1162 1298 1204 recen.

200 1273 300 1335 tiores
323 1271 407 1332 idem
429 1269 524 1346 valet,
548 1267 632 1348 quod
655 1268 691 1330 in
713 1268 844 1346 antIquo
873 1283 1021 1329 sermone
1047 1239 1174 1343 ρἔκῷ,
1203 1257 1298 1345 ρἔχω

201 1394 251 1458 vel
274 1393 357 1474 quod
378 1389 560 1472 Hesychius
581 1388 692 1452 laudat
709 1376 866 1469 ῥογχάζω.
910 1386 1125 1450 Recentiores
1141 1401 1297 1472 practerea

201 1518 312 1580 dicunt
333 1501 482 1591 ῥουχάζω
505 1522 536 1575 et
558 1502 753 1590 ῥουχαλίξω,
778 1531 798 1574 a
820 1511 941 1603 quibus
955 1522 1064 1574 tamen
1092 1512 1210 1576 formis
1233 1532 1296 1574 eru·

202 1640 262 1702 diti
285 1637 456 1700 abstinent

332 1757 376 1822 V.
399 1755 451 1821 85.
495 1749 688 1838 ’βρίσκονται
715 1775 774 1843 per
802 1753 997 1843 aphaeresin
1018 1777 1078 1842 pro
1100 1750 1295 1838 εὑρίσκονται.

332 1880 374 1945 V.
399 1879 451 1946 86.
497 1870 551 1939 vde
571 1867 680 1962 odron.
729 1878 806 1942 vid.
830 1878 953 1943 dehoc
980 1879 1135 1944 vocabulo
1163 1883 1237 1945 adn.
1263 1880 1296 1943 ad

200 2027 281 2072 vers.
309 2001 357 2069 11.
389 2039 431 2050 -
453 1994 506 2063 vde
527 1995 654 2085 γέρακα
676 2003 853 2086 vulgariter
873 2022 934 2087 pro
955 1995 1078 2082 ἱέρακα.
1123 2005 1219 2068 Nunc
1239 2004 1297 2089 ple.

199 2150 333 2212 rumque
358 2119 393 2188 cd
421 2115 534 2208 γεράκι
561 2127 689 2207 dicunt,
723 2125 806 2206 quod
835 2129 906 2208 jam
934 2125 1054 2208 legitur
1086 2147 1137 2213 ap.
1169 2128 1298 2191 Annam
1331 2168 1333 2219 3

201 2252 358 2318 Comnen.
380 2251 435 2314 lib.
458 2247 480 2312 2
502 2249 652 2315 Alexiad.
675 2269 707 2335 p.
731 2248 771 2313 51
800 2248 836 2311 iu
858 2247 911 2311 his
933 2250 1092 2312 versibus:
1331 2236 1333 2241 ¹

191 2350 199 2356 .
287 2365 322 2435 ad
344 2363 510 2451 cannono
531 2368 583 2444 τῆς
603 2368 735 2450 scotuna,
757 2360 1152 2451 χαρῇς’1λε’ξιε,ἕνόησές
1174 2395 1208 2434 ro

287 2486 343 2556 eei
364 2488 420 2568 τὴν
440 2486 590 2572 δευτέραν
610 2483 644 2550 τὸ
665 2480 750 2572 πρωῒ
767 2481 847 2552 ὑπάϊ
865 2489 970 2564 καλῶς
991 2484 1027 2556 τὸ
1048 2464 1261 2578 moabitarum

198 2622 250 2686 Ita
271 2618 396 2683 scilicet
416 2616 650 2680 emendandum
675 2636 746 2680 cum
769 2616 953 2681 Oeconomo
981 2617 1035 2682 lib.
1064 2609 1133 2698 περὶ
1160 2639 1249 2701 uoco.
1267 2641 1293 2705 p.

200 2742 265 2809 516
293 2742 328 2807 id
357 2741 441 2823 quod
469 2741 505 2804 in
534 2750 625 2803 textu
652 2750 722 2802 erat
744 2725 816 2798 εἶπα
837 2737 943 2829 καλῶς
964 2763 993 2800 κ.
1014 2760 1038 2802 a.
1060 2742 1087 2807 λ,
1134 2741 1198 2808 Est
1220 2745 1295 2807 enim

197 2856 278 2929 ὑπάῖ
299 2866 434 2951 perinde
456 2884 495 2928 ac
516 2863 547 2926 si
570 2863 690 2926 dixerit
710 2853 835 2944 ὑπᾶκγει.
883 2864 925 2927 ln
951 2854 1083 2945 γεράκιυ
1110 2877 1221 2929 autem
1246 2886 1293 2952 pro

197 2978 309 3071 γεράκι
332 2987 548 3065 antiquiorum
569 3005 639 3051 mos
661 2998 806 3049 servatus
829 2997 879 3050 est
900 2988 1073 3050 dicentium
1087 2981 1221 3067 κλειδίν,
1235 3012 1295 3069 κορ-

197 3104 254 3193 μίυ
275 3121 308 3173 et
330 3108 397 3172 alia
418 3108 455 3170 in
476 3106 625 3192 populari
646 3128 793 3172 sermone
815 3130 874 3195 pro
895 3102 1041 3193 aierdlov,
1063 3103 1210 3190 κορμίον,
1229 3133 1295 3194 quo-

198 3256 269 3299 rum
291 3234 362 3297 loco
386 3231 482 3296 hodie
503 3222 606 3291 κλειδί
626 3242 658 3295 et
679 3224 775 3312 κορμί
801 3235 905 3316 magis
928 3234 963 3297 in
985 3254 1044 3296 usu
1067 3246 1154 3314 sunt,
1182 3257 1245 3318 qua
1264 3237 1296 3299 de

196 3380 232 3424 re
254 3357 462 3434 disseruimus
485 3355 526 3417 ad
547 3375 672 3417 versum
695 3353 725 3419 6.
755 3391 799 3402 -
826 3356 878 3420 Da
899 3349 1045 3437 περίσσια
1067 3359 1139 3420 vide
1164 3362 1242 3425 adn.
1263 3359 1296 3425 ad

147 3501 149 3508 ’
195 3503 226 3545 v.
248 3480 302 3545 72.
359 3441 1166 3566 CaeteroquietDueangiusTode1154
1196 3502 1297 3550 voccu

195 3596 352 3682 περίσσιος
373 3623 433 3688 pro
453 3591 599 3682 περισσός
620 3602 740 3684 laudat,
764 3623 858 3684 quam
880 3614 990 3668 tamen
1012 3603 1096 3667 male
1119 3609 1239 3672 scribit
1255 3626 1297 3668 cre-

196 3718 302 3807 ρίσιος.
326 3757 368 3769 -—
391 3715 559 3806 τρομάσσω
580 3728 687 3788 rarior
709 3727 812 3790 forma
832 3747 892 3812 pro
914 3719 1067 3808 τρομάζω.
1113 3728 1169 3792 lta
1193 3731 1297 3796 videli-

196 3861 248 3911 cet
274 3867 361 3910 rrunc
388 3869 446 3932 pro
474 3842 592 3928 τρομέω
621 3844 826 3929 antiquorum
854 3852 917 3913 dici
953 3852 1127 3914 consuevit.
1182 3855 1297 3920 Differt

195 3983 304 4035 tamen
325 3958 468 4049 vocato'tdm
489 3972 526 4033 in
548 3993 586 4034 eo
609 3991 629 4034 a
650 3962 781 4051 agoute'to,
803 3975 886 4055 quod
908 3995 975 4037 non
998 3974 1092 4036 modo
1109 3972 1258 4042 timendi
1271 3988 1297 4041 et

194 4089 482 4172 contremiscenda
504 4095 561 4157 sed
591 4095 689 4157 etiam
723 4093 874 4158 terrendi
901 4099 1066 4160 notionem
1093 4094 1207 4165 habet.
1252 4100 1297 4166 De

192 4219 314 4300 reliquo
338 4235 433 4297 quum
454 4217 649 4282 recentiores
680 4217 796 4281 Graeci
824 4238 869 4278 oo
896 4221 932 4283 in
955 4224 973 4292 ζ
996 4231 1131 4302 mutent,
1154 4213 1296 4308 τρομάζω
