2684 4740
188 233 235 284 mr

80 394 87 407 ’
190 401 343 476 hominis
369 399 620 501 prudentiss
644 397 788 509 eordati.
838 395 897 469 De
914 392 1053 492 reliquo
1069 391 1308 492 turpissimos·
1341 449 1342 452 ,

191 533 358 632 cujusvis
375 532 516 632 generis
543 555 682 605 errores
708 529 745 601 in
770 536 872 602 textu
897 525 1076 613 toleravit,
1109 524 1174 622 qui
1205 526 1297 601 viros

191 664 249 741 vel
274 663 590 738 exercitatissimos
616 657 798 736 offendere
824 667 970 757 queunt,
994 657 1093 731 velut
1115 684 1165 732 v..
1181 658 1230 730 19
1254 657 1300 749 τίς

193 791 275 871 laur
299 795 319 867 ὁ
344 793 546 896 novalium),
571 794 633 868 ubi
658 791 906 894 corrigendum
930 789 989 866 vel
1013 787 1065 877 τίς
1082 784 1141 862 ἔνε
1156 789 1186 886 ἡ
1204 788 1299 892 ’γονή

193 954 269 1001 σου
293 925 352 1002 vel
382 926 476 1014 τίνες
500 922 546 1002 ἔν’
580 928 613 1000 οἱ
642 931 766 1025 γονεῖς
796 953 872 999 σου
879 955 892 1011 3
922 918 1084 996 similiter
1112 944 1227 1009 versu
1258 921 1300 996 bl

192 1056 414 1160 φαλάγγιον
438 1056 600 1146 retinuit,
626 1057 724 1156 quod
755 1053 962 1130 mutandum
991 1053 1029 1124 lu
1058 1049 1301 1155 bubeiqrmwb'a

192 1189 337 1288 pariter<
355 1218 387 1266 v.
414 1190 484 1263 455
517 1187 694 1288 ἰκαὲαροὶ
724 1189 774 1262 ἰῐι7
792 1196 894 1262 textu
925 1183 1100 1283 reliquit,'
1123 1210 1193 1282 pro
1212 1228 1216 1237 ·
1233 1194 1300 1284 qno

194 1319 409 1393 exarandum
429 1325 492 1394 'est
517 1324 550 1394 οἱ
574 1317 748 1417 καθαροὶ.
796 1318 893 1393 Nolo
918 1317 976 1391 his
1006 1313 1146 1389 mendis
1180 1315 1301 1390 immo-

192 1451 270 1524 rari·
295 1475 389 1551 quae
420 1449 536 1522 omnia
568 1450 607 1523 in
637 1449 926 1524 adnotationibus
958 1446 1092 1520 criticis
1124 1444 1299 1548 leguntur.

192 1581 284 1655 Aliis
311 1607 396 1681 ergo
421 1581 528 1658 velim
554 1584 660 1681 quam
684 1581 772 1655 mibi
796 1579 947 1654 Crusius
972 1577 1201 1679 persuadeat,
1226 1607 1300 1655 eam

194 1725 302 1810 quam
327 1712 430 1786 affert
453 1739 573 1790 veram
600 1738 681 1786 esse
706 1711 895 1801 rationem,
921 1717 990 1784 cur'
1013 1709 1181 1786 totvitia
1215 1712 1301 1786 inta-

193 1853 250 1916 eta
275 1842 496 1942 reliquerit
528 1843 658 1917 Latina
696 1845 861 1918 carminis
898 1840 1087 1933 translatio
1115 1868 1136 1914 a
1168 1841 1298 1921 Crusio

193 1973 364 2064 conlecta,
391 2000 496 2073 quam
520 1977 617 2073 juxta
642 1985 780 2048 textum
811 1975 847 2047 in
874 1973 1134 2075 Tureograecia
1165 1974 1300 2053 inveni-

192 2131 291 2196 mus,
320 2131 393 2179 non
426 2105 522 2180 omni
553 2106 658 2181 laude
689 2115 795 2180 caret.
852 2106 979 2206 Longe
1011 2104 1132 2206 plures
1164 2109 1302 2184 scilicet

191 2233 262 2310 loci
286 2246 387 2326 suut,
414 2264 506 2338 quos
530 2239 718 2328 intellexit,
750 2263 856 2338 quam
888 2263 979 2337 quos
1011 2263 1084 2310 non
1114 2238 1301 2315 intellexit.
1327 2260 1330 2265 ’

192 2365 324 2468 Neque
348 2379 468 2444 tamen
493 2370 582 2443 baec
607 2374 732 2470 magna
758 2368 837 2442 laus
859 2368 898 2440 in
915 2379 989 2442 tam
1008 2369 1109 2448 brevi
1127 2371 1301 2471 opusculo

193 2507 258 2572 est
305 2498 556 2600 ‹Caeteroquin
582 2499 746 2577 existimo
766 2499 942 2573 Graeaum
960 2499 1134 2601 aliquem*
1148 2529 1301 2602 quorum

192 2628 313 2729 plures
337 2632 445 2707 variis
470 2632 692 2732 temporibus
719 2629 770 2705 ad·
789 2630 957 2706 Crusium
982 2642 1173 2725 venerunt,
1198 2637 1301 2710 utin

192 2759 453 2862 'llurcograeeia
482 2773 612 2855 narrat,
643 2764 760 2840 italice
791 2763 895 2859 (nam
927 2765 988 2840 illo
1022 2792 1196 2842 sermone·
1221 2794 1300 2842 cum

192 2891 340 2968 Graecis
366 2894 548 2992 plerisque
573 2897 714 2968 locutus
746 2900 823 2988 est)
850 2898 883 2968 ei
913 2887 1187 2996 interpretatum
1219 2927 1300 2976 esso

190 3020 284 3092 hanc
303 3019 728 3116 'Batrachomyomacbiae
754 3023 995 3120 paraphrasin.
1050 3027 1141 3101 Inde
1165 3029 1300 3107 sactum

189 3149 341 3238 videtur,
365 3159 406 3222 ut
430 3148 468 3220 in
492 3149 698 3227 universum
723 3152 814 3225 bone
839 3162 997 3229 verteret
1027 3156 1196 3252 Crusius,
1235 3163 1303 3240 sed

140 3344 143 3355 .
192 3279 335 3378 quando
351 3279 484 3356 Graeci
507 3282 602 3358 illius
627 3282 956 3382 interpretationem
973 3312 1047 3360 non
1065 3289 1303 3389 intellexerat,

191 3422 347 3488 aeeusu
376 3414 565 3506 aberraret.
623 3414 729 3515 Quae
761 3415 953 3490 sententia.
969 3417 1002 3490 si
1033 3420 1103 3493 cui'
1121 3419 1304 3520 displicet*

190 3568 264 3617 nou
287 3544 403 3637 video,
429 3546 609 3647 quomodo
635 3548 804 3638 evenerit,
834 3556 876 3622 ut
900 3547 1065 3625 Crusius'
1085 3549 1181 3629 omni
1212 3551 1303 3633 lexis

192 3684 314 3748 corum
340 3686 376 3749 et
401 3679 709 3778 grammaticorum
737 3679 937 3755 libellorum
967 3692 1036 3782 ope
1067 3708 1208 3774 carens,
1241 3689 1301 3767 vel

189 3805 260 3880 hoc
285 3806 459 3882 tolerabili
489 3810 595 3886 modo
625 3822 791 3906 verteret.
848 3808 970 3913 Quum
1002 3825 1120 3890 autem
1153 3820 1298 3918 saepius

189 3947 288 4012 recte
323 3965 430 4037 quam
463 3941 552 4016 salso
583 3942 744 4032 venuit,
780 3943 904 4053 salsam
930 3949 1084 4044 quaein
1112 3958 1298 4028 textuest

27 4117 31 4130 ι
78 4118 83 4123 -
191 4069 402 4170 scripturam
426 4070 632 4172 frequenter
664 4076 809 4172 exejus
844 4077 1086 4153 translatione*
1106 4079 1297 4159 emendare

188 4200 281 4279 licet.
331 4201 425 4279 Vide
462 4231 552 4303 quae
586 4208 625 4281 in
658 4205 922 4286 Commentario
959 4209 1004 4283 ad
1039 4239 1071 4287 v.
1107 4213 1179 4286 217
1213 4213 1296 4293 din
