2684 4740
636 148 648 167 ,ι
774 159 791 183 μ

652 188 667 209 ἰ
774 188 779 209 “.

730 244 734 251 .

43 433 136 497 Fieri
158 409 279 515 neqult,
301 442 348 514 ut,
371 431 457 514 qnod
479 433 623 496 iecerunt
644 431 679 496 ln
701 451 763 512 me,
787 431 968 497 obliviscar.
1054 411 1057 415 ’

46 565 196 642 Quadam
218 571 313 629 nocte
336 583 387 627 me
408 582 475 627 non
497 541 641 627 siverunt
663 563 773 628 oeulos
794 579 882 629 nteoa
906 563 1064 629 claudere.

45 697 74 760 E
97 696 184 761 hello
208 697 372 761 veniebam
393 706 491 778 atque
511 714 600 760 eram
622 696 758 777 defessa,

46 850 163 892 somaro
186 829 388 912 indigebam
410 828 467 892 sed
488 829 574 892 iotae
596 838 783 892 exsecratae

47 972 153 1024 totam
175 970 301 1024 noctem
324 962 514 1040 coaxabant,
537 970 570 1023 et
591 960 761 1046 strepitum
784 961 953 1033 iaciebant.

47 1093 162 1172 Itaque
173 1092 331 1154 insomnis¹
338 1093 496 1174 jacebam,
514 1091 550 1153 in
566 1090 714 1154 molestia
731 1108 783 1151 me
797 1090 959 1174 ponebant
973 1089 1007 1169 (i.
1020 1097 1047 1151 a‘.
1060 1091 1157 1154 mole·

48 1224 191 1285 Noctem
202 1228 303 1284 totam
314 1234 403 1284 eram
415 1222 452 1282 in
461 1219 578 1302 vigilia
586 1234 712 1302 magna.
759 1214 872 1302 [stiam
883 1215 1158 1300 miltiafferebant)

53 1353 177 1416 Omnia
199 1326 281 1415 mihi
303 1352 447 1415 membra
468 1348 667 1430 laborabant,
690 1349 836 1414 dolebam
860 1352 971 1438 oapIte.

52 1482 133 1562 seo,
157 1504 176 1545 0
199 1483 255 1563 oo,
279 1483 496 1546 coronamus
518 1484 560 1546 aa
582 1454 642 1569 ope
663 1483 736 1546 ato
758 1455 900 1562 serenda,

54 1616 141 1708 quia,
147 1613 324 1696 (quantum)
331 1613 433 1695 video,
446 1615 533 1678 acies
544 1613 714 1677 admodum
726 1615 812 1678 inter
822 1634 857 1677 se
862 1616 1061 1701 propinquae
1072 1627 1158 1697 sont,

12 1795 17 1809 .
57 1746 175 1810 Cuncti
185 1745 291 1809 nosde
305 1718 707 1831 eoeloagitedespieiamua
713 1745 883 1832 proelium,
906 1741 1159 1827 [neforteetiam

56 1874 622 1963 unusquisquenoatrnmvoluptatem
631 1891 782 1961 magnam
790 1875 916 1940 habeat.
932 1872 1158 1962 [vulneremur.

59 2008 187 2073 oxion
210 2008 269 2072 tua
291 2007 393 2072 resin
411 2007 533 2089 (rari),
560 1982 890 2072 cenomanorum

58 2144 154 2205 verba
177 2144 256 2223 ejus,
280 2140 430 2202 abiemnt
452 2137 494 2202 ad
516 2136 632 2217 locum,
654 2149 688 2201 et
709 2146 907 2224 spectarunt.

58 2274 154 2336 Tune
175 2268 321 2354 luppiter
343 2265 637 2348 intonataeulices
657 2270 735 2332 tuta
757 2268 957 2346 cecinerunt3

60 2421 169 2466 mures
190 2411 223 2463 et
244 2414 346 2463 ranae
368 2397 496 2486 proelio.
515 2397 738 2464 conflixerunt.

58 2534 251 2620 Hypsiboas¹
264 2541 335 2594 erat
356 2528 475 2616 plenus
492 2531 691 2612 fortitudine,

60 2675 94 2729 et
114 2634 238 2751 primos
259 2659 437 2724 arthence
459 2662 547 2724 ocra
569 2661 668 2724 tetum
690 2659 796 2740 uaso,

61 2798 99 2859 in
116 2798 219 2878 jecur.
265 2789 391 2854 Cecidit
412 2789 469 2853 ille
491 2793 658 2870 extensus}

62 2936 150 2991 totus
171 2922 305 3012 pulvere
324 2908 513 3010 conspersus
535 2933 595 3002 est,
617 2930 650 2986 et
671 2923 827 2986 remansit
849 2932 1002 2988 mortuae
1127 2955 1131 2962 ·

61 3056 263 3141 Troglodyta
285 3054 400 3120 deindo
422 3054 533 3119 infixit
554 3044 701 3119 lanceam

56 3187 99 3255 'in
120 3199 230 3276 peetus
252 3187 410 3267 Potionis,
434 3188 488 3269 qui
510 3195 581 3251 erat
601 3188 751 3251 robustus
767 3188 906 3271 juvenis.

64 3322 223 3387 Celeriter
244 3320 458 3400 exanimatus,
481 3331 514 3384 et
535 3331 680 3385 mortuus
701 3331 752 3383 cst
768 3309 908 3404 juvenis,

64 3454 267 3518 tenebricosa
288 3469 376 3515 mora
397 3451 503 3537 ipsum
525 3452 610 3539 cepit
632 3448 810 3516 confestim.

66 3569 239 3650 Seutlaeus
262 3603 372 3648 caesus
395 3593 455 3663 est,
478 3583 532 3666 qui
554 3594 625 3648 erat
646 3582 779 3650 honoris
802 3585 932 3668 magni3·
984 3568 987 3573 ¹

66 3716 153 3781 huno
170 3677 280 3799 jaculo
302 3715 361 3778 icit
381 3713 654 3798 Embaaichytrua.

68 3847 244 3928 Oeimides,
266 3847 380 3910 videns
401 3859 561 3911 mortuum
584 3845 781 3925 Seutlaeum

67 3998 263 4065 magnopere
286 3978 388 4064 ipsius
412 3998 522 4041 casum
544 3979 656 4060 doluit,
679 3959 756 4044 non¹
770 3975 968 4060 exspectavit
989 3969 1144 4056 ampliusi

62 4119 198 4198 juncum
220 4121 349 4174 acutum
372 4110 537 4191 quaesivit,
560 4111 658 4174 ictum
680 4111 776 4175 hasta
798 4124 951 4187 magnum

68 4243 201 4325 inflixit,
224 4251 257 4306 et
278 4243 440 4306 interiecit
461 4240 751 4328 Embasiohytrnm.
