2684 4740
115 432 166 499 At
187 442 233 516 tu,
256 433 416 513 lilinervr,
439 431 606 522 praeclara
627 447 699 499 mea
720 432 802 515 filia,

116 538 236 646 Credo,
258 577 292 630 et
313 586 385 631 rum
407 564 581 646 conlidens,
602 563 759 632 hodierno
781 565 850 646 die,

92 758 95 761 .
116 706 152 758 te
175 696 405 782 opitulaturam
424 718 495 764 erse
516 698 674 777 mutilium
695 716 772 762 narn
793 698 831 761 in
853 696 972 783 templo
995 710 1050 764 tuo

117 828 300 914 tripudiant
320 849 433 894 omnes
453 839 487 894 et
507 827 641 910 saltone,
663 830 857 917 aspioiontea
878 848 970 893 aram
991 841 1091 912 tuan,

117 923 202 1042 quae
224 972 274 1025 est
294 961 392 1047 plena
412 961 625 1042 victimarum,
647 981 686 1025 ao
707 960 908 1025 delectantur
928 962 1052 1043 nidore,

117 1102 154 1154 et
173 1093 300 1179 'vesperi
322 1102 571 1178 congregantur,
591 1091 715 1176 singuli
735 1102 772 1156 ut
794 1103 940 1159 coenant·
1162 1063 1165 1067 γ

119 1221 309 1310 Respondit
329 1224 403 1287 illoz
417 1225 456 1287 ‘0
478 1233 572 1309 pater
593 1224 640 1286 mi
661 1223 826 1288 amusium

121 1352 275 1417 Muribus
296 1354 439 1438 adjutrix
459 1374 527 1418 non
548 1352 593 1418 fio
613 1373 762 1436 amquam.

109 1475 230 1550 'Multa
251 1484 416 1551 maluisti
436 1486 571 1573 pessimi
591 1486 734 1550 inierunt
755 1485 860 1567 donis,

121 1637 206 1700 quae
227 1617 365 1682 efferum
386 1614 534 1683 homines
554 1619 592 1683 in
613 1617 767 1703 templum
788 1619 928 1701 ringulir
949 1618 1056 1699 lrorir,

120 1748 167 1816 Et
188 1759 320 1835 proptor
343 1747 449 1811 oleum
471 1748 618 1824 caedunt,
640 1755 675 1808 et
694 1759 904 1832 corrumpunt
915 1747 1064 1815 lucernae
1079 1750 1228 1833 oleariae,

123 1902 165 1946 ao
186 1899 285 1966 super
307 1879 429 1942 mansis
450 1877 571 1942 rodunt
591 1875 750 1941 mantilia.

125 2015 341 2093 Quaecunque
348 2009 516 2091 (deniquo)
526 2009 593 2075 alia
598 2009 775 2096 reperiunt,
786 2027 826 2072 ea
839 2009 949 2073 omnia
954 2007 1110 2075 invadunt
1121 2012 1233 2083 eodem

126 2141 346 2224 (Unum)hoo‚
359 2142 441 2223 quod
451 2141 576 2207 dictura
587 2160 669 2222 sum,
681 2159 732 2203 me
743 2138 876 2227 offendit
885 2137 1067 2226 plurimum.
1113 2140 1231 2225 [modo.

126 2263 300 2352 Laborem,
323 2284 356 2335 et
376 2273 454 2336 neri
471 2273 716 2339 subtilissimum
737 2285 875 2355 stamen,

130 2405 230 2484 texui,
252 2414 285 2467 et
306 2404 359 2467 rui
380 2424 441 2488 ego
463 2403 535 2491 ipsa
555 2405 637 2486 sola,

127 2547 250 2602 vestem
271 2536 343 2616 leci,
367 2536 629 2604 candidissimam
649 2536 786 2623 pallam3

127 2671 170 2734 In
193 2689 233 2732 ea
254 2687 330 2731 vero
353 2667 507 2744 fecerunt,
530 2665 614 2747 quod
636 2667 684 2728 eis
705 2666 836 2750 placuit.

129 2802 250 2865 Totam
273 2805 489 2874 oonoserunt‚
512 2806 545 2858 et
566 2773 726 2857 foramina
747 2793 783 2857 in
804 2812 844 2857 ea
866 2795 1019 2874 lecerunt,

133 2933 171 2995 in
194 2930 266 3016 ipsa
287 2946 355 2990 non
376 2926 532 2994 remansit
552 2927 714 3010 integrum
736 2924 787 2989 vel
807 2945 907 2990 unum
928 2925 1028 3014 filum.

130 3064 174 3127 In
197 3061 265 3125 illis
291 3059 439 3124 omnibus
460 3057 555 3122 malis
577 3069 611 3121 et
632 3057 694 3120 hoo
714 3057 812 3123 simul
834 3071 898 3122 est:

131 3165 200 3260 non
222 3193 331 3283 habui,
354 3191 412 3255 sed
433 3202 576 3256 mutuam
598 3191 720 3277 sumpsi
746 3193 788 3255 ab
809 3190 877 3254 alia
899 3192 1029 3257 texendi
1056 3192 1237 3274 materiam,

132 3339 168 3392 et
190 3323 304 3406 (nuno)
325 3323 401 3403 illa,
424 3343 505 3404 quae
527 3322 612 3388 hano
634 3334 777 3386 mutuam
799 3323 896 3405 dedit,
918 3322 986 3388 vult
1006 3325 1071 3390 sini
1092 3327 1220 3390 restitui
1227 3348 1237 3405 ;

133 3458 277 3547 postulat
298 3478 350 3520 me
371 3467 538 3543 praeterea
559 3473 690 3520 usuram
703 3454 894 3542 persolvere.

134 3594 318 3678 Propterea
340 3589 428 3674 ipsos
450 3590 595 3676 vitupero
618 3599 651 3651 et
672 3587 876 3656 inimicitiam
889 3591 1050 3661 „adversus
1071 3609 1127 3654 eor
1149 3608 1239 3678 gero,

135 3746 178 3788 ao
199 3743 285 3785 nuno
308 3740 375 3784 non
398 3719 540 3783 auxilior
562 3720 609 3783 eis
631 3721 667 3782 in
689 3741 748 3783 sua
769 3721 969 3783 necessitate.

137 3854 207 3919 Sed
229 3854 308 3917 lieet
329 3852 382 3915 his
404 3853 492 3914 irata
513 3852 585 3931 sim,
608 3853 751 3918 muribus
774 3852 856 3930 dico,
880 3874 899 3914 ο
921 3851 1077 3940 Iuppiter,

137 3999 248 4050 tamen
270 4006 330 4048 neo
353 3984 443 4046 ranis
465 4004 520 4046 ero
543 3983 664 4046 auxilio
686 3984 755 4047 ulli.

139 4116 229 4183 Sunt
251 4127 284 4179 et
306 4115 384 4179 illae
405 4115 569 4178 dementes
591 4116 685 4196 (quis
707 4117 755 4178 eis
777 4112 999 4199 opituleturl),

139 4260 218 4315 sunt
240 4259 273 4312 et
295 4247 454 4313 clamosae
476 4257 509 4311 et
531 4246 684 4312 molestae
706 4256 832 4309 natura.
