2684 4740
1076 245 1144 319 113

88 419 128 481 usi
158 417 273 502 legerit
302 406 425 500 οἴδασι,
455 425 545 506 cujus
571 423 644 488 loco
665 425 775 491 Zenus
795 416 960 510 ἦξεύρουσι
981 432 1032 499 vel
1052 430 1137 514 ἠξεύ.

88 562 114 599 ν
136 542 280 605 dixisset.
325 538 393 606 Sed
414 544 450 606 in
468 543 647 633 archetypo
670 569 794 632 quoque
816 563 864 615 est
885 573 966 618 vers.
992 554 1071 623 14οε

125 648 209 722 εἶδον
230 652 295 744 γὰρ
315 663 394 736 καῖ
418 653 503 748 ὕδωρ
524 660 739 753 ψιχᾶρπαγα,
761 660 853 755 ὅνπερ
876 661 1014 756 ἔπεφνεν.
1040 713 1080 730 -

88 776 239 866 νευμένον,
262 788 359 850 attice
380 784 618 870 πεφονευμένον.

166 907 208 969 V.
230 905 304 972 946.
348 904 497 990 seuuemo
520 913 640 977 omissa
660 914 914 1001 reduplicatione
936 930 968 984 et
989 925 1091 1006 ejecto
1113 950 1137 1007 γ

88 1055 92 1089 ι
115 1023 330 1112 πεπνιγμένον.

166 1150 210 1214 V.
232 1150 308 1218 947.
353 1153 405 1219 De
428 1145 534 1213 ὁποῖον
554 1144 609 1214 τὸν
631 1154 700 1218 dixi
721 1156 764 1220 ed
785 1177 865 1220 vers.
888 1157 920 1222 6.
944 1195 988 1208 --
1023 1154 1065 1242 μὶ
1085 1184 1136 1224 πο.

88 1258 144 1376 [491
164 1273 187 1336 1.
209 1294 237 1336 e.
259 1263 300 1351 μὶ
318 1264 485 1352 πονηρίαν,
505 1261 587 1353 μετὰ
606 1266 761 1356 πονηρίας.
795 1310 839 1326 ·-
876 1273 1009 1358 κλεῆνης
1028 1283 1137 1371 vulga.

88 1413 118 1455 οτ
138 1413 199 1478 pro
221 1386 357 1468 κλέπτης.
402 1393 451 1458 Cs.
474 1396 516 1459 ed
537 1416 618 1460 vers.
642 1396 695 1463 53.

165 1513 210 1575 V.
235 1512 309 1578 948.
354 1509 372 1574 ὁ
393 1505 495 1585 eom&
515 1535 578 1587 eac
600 1519 739 1604 explicui
760 1520 803 1583 ed
822 1540 902 1584 vers.
919 1519 972 1588 90.
994 1559 1038 1575 -·
1059 1521 1135 1606 ψού.

107 1656 150 1699 ex
171 1635 260 1719 vulgi
282 1638 510 1701 consuetudine
532 1659 592 1725 pro
613 1631 758 1717 ψεύστης.

166 1756 211 1820 V.
234 1756 310 1822 949.
356 1751 482 1838 ὀρδινίοί
507 1760 528 1822 i
552 1779 581 1824 ο,
602 1753 749 1840 dedoleo.
792 1760 870 1825 Vid.
893 1766 935 1828 ed
956 1786 1037 1831 vers.
1060 1766 1135 1834 916.

169 1878 211 1945 V,
235 1877 310 1944 950.
355 1871 460 1957 doleo
482 1898 546 1950 σας
566 1872 667 1961 dyeia?
691 1883 892 1946 adverbum:
914 1881 1068 1972 velinque
1083 1909 1136 1953 νο-

108 1998 307 2082 sam‘tetem,
331 1999 393 2066 hoe
414 2014 475 2082 cst,
498 1998 617 2066 velere
638 2022 697 2067 νοτ
714 2000 825 2090 Jicbco.
876 2005 935 2070 Est
957 2006 1038 2072 hacc
1058 2023 1137 2075 note

88 2126 220 2188 euntium
242 2123 378 2189 formula
407 2126 492 2211 apud
518 2127 714 2190 recentiores
737 2125 893 2206 Graecos,
916 2147 976 2214 pro
999 2150 1138 2211 queen-

88 2248 118 2310 vi
139 2246 330 2334 simpliciter
351 2237 476 2326 ὑγίαινε
498 2248 646 2312 dicebant
668 2269 697 2312 v.
718 2269 745 2312 c.
768 2247 938 2335 Aristoph.
960 2249 1046 2316 Eoci
1063 2249 1136 2316 477.

88 2359 114 2429 λ’
137 2356 214 2450 εἶμι·
237 2359 282 2428 σὺ
303 2361 330 2427 δ’
353 2361 485 2449 ὑγίαινε.
528 2369 581 2433 Ι)ο
602 2372 698 2434 verbo
719 2361 824 2447 ἆφίνω
846 2371 884 2436 cf.
908 2371 950 2436 ed
968 2393 1049 2436 vers.
1063 2371 1137 2438 136.

168 2491 212 2573 V.
236 2489 309 2555 951.
354 2487 454 2551 codrot
475 2491 564 2575 vulgi
586 2512 675 2558 more
696 2512 756 2578 pro
779 2475 870 2551 οὗτοι.

170 2612 214 2676 V.
236 2611 310 2677 959.
356 2605 502 2685 αἰτίαζαν
524 2614 544 2673 1.
569 2634 596 2673 e.
620 2603 769 2681 αἰτῖαζον.
819 2610 868 2672 cf.
898 2615 971 2674 adn.
995 2615 1137 2678 advers.

88 2735 115 2800 7,
138 2766 183 2785 .-
204 2727 362 2816 μέμφεγον
382 2736 404 2796 i.
429 2753 458 2814 q.
483 2723 644 2812 ἐμέμφετο.
680 2729 729 2792 Cf.
752 2730 794 2791 ad
815 2749 897 2793 vers.
921 2728 995 2794 193.
1018 2765 1061 2777 -
1083 2754 1139 2791 κα.

88 2880 142 2927 νας
168 2860 382 2922 recentiorum
410 2853 600 2931 vocabulum
626 2871 686 2939 pro
714 2838 845 2920 {Suevos
868 2853 1078 2938 compositum
1099 2874 1140 2916 ex

88 2967 133 3038 ,τὰ
155 2978 189 3042 ed
204 2968 291 3058 ἕνας,
313 2978 352 3042 de
374 2998 436 3060 quo
457 2976 583 3040 locutus
596 2994 676 3039 ⁴sum
698 2973 740 3039 ed
760 2971 895 3058 Dielogi
917 2996 997 3038 vers.
1021 2972 1052 3037 9.

174 3102 217 3163 V.
239 3100 314 3165 953.
359 3086 446 3181 οἶμαι
465 3089 525 3180 ’γὼ
546 3101 568 3161 i.
592 3120 620 3161 e.
644 3084 730 3176 οἶμαι
751 3084 825 3175 ἐγὼ,
847 3096 882 3158 in
904 3099 1017 3177 quibus
1036 3100 1140 3161 verbis

88 3244 128 3282 αι
148 3236 318 3310 usurpetur
340 3242 398 3309 pro
421 3223 552 3303 antiquo
575 3210 647 3298 εἰμι’,
670 3230 706 3281 ut
726 3204 862 3280 vidimus
884 3235 977 3278 versu
1000 3213 1054 3278 45.

176 3342 316 3408 7.·964.
360 3342 454 3424 καθῇ
476 3342 497 3407 3
519 3361 602 3429 pere.
625 3341 709 3421 sing.
732 3341 817 3421 conj.
846 3354 912 3398 eor.
940 3353 1026 3420 peso.
1054 3337 1143 3396 verbi

88 3471 143 3547 ζω,
167 3467 206 3530 de
229 3487 289 3549 quo
312 3466 383 3530 vide
406 3485 486 3548 quae
508 3463 744 3528 observavimus
766 3458 808 3522 ed
826 3477 911 3521 vers.
937 3452 1009 3520 116.
1032 3487 1075 3502 ·-
1091 3453 1143 3519 De

88 3593 138 3654 cbo
161 3575 293 3670 ἕμποσα
315 3590 354 3651 cf.
378 3597 490 3651 notate
513 3586 657 3650 advers.
680 3580 733 3645 99.

176 3710 221 3773 V.
244 3709 319 3776 955.
363 3710 415 3774 De
436 3704 587 3789 νωλυμπᾷ
609 3708 646 3771 ci.
669 3705 743 3767 adn.
766 3702 808 3766 ad
829 3721 857 3763 v.
881 3695 954 3762 194.
981 3733 1026 3746 -
1054 3689 1149 3778 ε’βάλ..

88 3853 125 3894 κε
148 3833 323 3898 dilucidavi
344 3832 386 3896 ed
408 3851 489 3895 vers.
509 3826 582 3893 180.
606 3861 649 3874 -
669 3813 744 3884 ’σὰν
759 3819 837 3903 ἐμᾶς
853 3823 875 3884 1.
892 3843 920 3885 e.
934 3810 1037 3902 ὥσπερ
1050 3814 1145 3903 ἡμεῖς,

88 3979 95 4018 ι
118 3955 304 4022 accusativo
328 3948 407 4033 ἐμᾶς
429 3951 538 4015 addito
559 3948 690 4014 voculae
710 3937 786 4005 ’σὰν
807 3944 876 4008 dixi
903 3943 945 4009 cd
966 3962 1048 4009 vers.
1074 3941 1146 4008 170.

108 4071 155 4140 coi
176 4071 278 4159 πλέγῃ
298 4087 335 4141 ut
356 4093 454 4161 supra
476 4091 557 4136 vers.
582 4069 655 4136 136.

177 4180 223 4261 V.
246 4195 322 4262 937.
367 4185 443 4273 εἶσὶ,
465 4205 501 4272 ut
522 4212 621 4292 supra
642 4211 724 4255 vers.
747 4185 800 4253 51.
828 4218 872 4232 ·-·
898 4179 1022 4245 κανένα
1043 4179 1151 4266 exple-

932 4302 953 4366 8
