2684 4740
84 174 132 247 to

89 363 162 449 κρὸς
189 358 283 426 οὐδέν
310 361 377 425 loeo
402 359 459 424 rofi
487 357 618 442 λουτροῦ
644 349 678 419 rb
707 347 874 435 modeim.
913 356 968 420 lib.
998 354 1041 419 ll.
1067 376 1095 419 v.
1120 352 1186 419 454.

90 477 193 569 πάτερ,
214 477 316 560 cerie
337 477 431 546 οὐδέν
453 479 529 563 ε’χω,
550 473 677 562 civitio
698 469 881 562 νᾶγορᾶσω,
903 480 958 543 ubi
981 477 1105 542 Coraca
1127 498 1188 564 per·

90 610 255 696 spicuitati
276 608 432 672 studendo
461 607 603 671 scribere
625 607 759 669 debebat
784 595 810 661 ν’
836 591 961 681 debito,
982 593 1008 660 ν’
1033 590 1189 682 ἀγοράσω.

91 732 171 795 Ibid.
193 752 221 797 v.
245 727 320 795 457.
343 722 384 810 ἅς
403 713 497 809 eiiyto,
520 720 559 798 ἀς
581 716 638 787 ἴδω
659 717 690 786 rc'
709 724 833 801 διδσυν,
861 713 918 784 καὶ
944 712 1028 803 tripu
1057 712 1118 804 γιά
1137 743 1190 782 που

92 842 219 930 psoium,
241 854 278 915 in
299 871 361 934 quo
383 870 477 914 versu
497 851 588 937 prius
611 845 851 912 hemistichium
874 846 979 929 magis
994 845 1191 934 perspicuum

94 975 157 1037 erit
179 976 227 1038 sic
249 976 404 1059 scriptum
430 958 469 1043 oie
492 957 655 1078 ἕβγω,νᾶ.;
677 957 732 1030 tlte
754 960 786 1028 τί
804 968 922 1029 ordove.
971 967 1087 1050 Neque
1116 967 1192 1030 Zoni

93 1094 308 1181 Paraphrasis
320 1092 708 1175 Batrachomyomacbiae
725 1088 907 1175 hujusmodl
926 1088 1085 1174 exemplis
1103 1100 1191 1167 caret,

94 1227 131 1278 ut
142 1238 170 1279 v.
186 1215 238 1280 16.
255 1206 312 1278 καὶ
329 1205 363 1276 rei
380 1204 514 1297 πηγούυι
531 1204 565 1274 td
578 1208 678 1295 ’βρεξε
688 1204 730 1294 pi
747 1199 847 1293 ὄρεξιν
861 1200 1006 1293 μεγάλη’,
1022 1231 1108 1276 vora.
1127 1207 1190 1273 114.

94 1323 137 1394 civ
149 1330 255 1418 βέλιῃς,
271 1326 315 1397 νά
322 1325 413 1417 ’λης
425 1338 447 1399 i.
460 1358 487 1398 e.
508 1321 551 1396 voi
562 1325 667 1418 ἴλης,
677 1356 759 1400 vers·
774 1321 960 1414 922cot'p9e
974 1334 995 1396 i.
1009 1354 1037 1395 e.
1056 1321 1100 1391 vri
1110 1321 1191 1412 εὕρω,

95 1460 219 1540 quibus,
242 1461 272 1522 si
295 1480 375 1545 opus
397 1471 491 1538 esset,
514 1458 635 1522 similia
657 1458 773 1521 addere
795 1477 932 1542 possem.
976 1453 1029 1517 Ex
1051 1453 1116 1519 hac
1134 1473 1192 1518 uer·

95 1580 208 1645 bonum
229 1580 453 1661 inclinatione,
475 1591 511 1644 ut
532 1601 574 1642 ex
596 1577 803 1653 multisaliis
826 1579 920 1641 rebus
942 1578 1098 1660 emergit,
1119 1588 1193 1640 vete·

95 1702 142 1764 ris
163 1701 294 1786 linguae
317 1665 507 1784 analogiam
529 1702 628 1764 arctis
658 1690 736 1763 olim
763 1698 881 1763 finibus
911 1700 1192 1785 circumscriptam,

97 1804 208 1907 utpote
235 1843 315 1905 quae
343 1822 398 1886 hic
425 1843 492 1885 non
520 1824 586 1885 nisi
614 1823 650 1884 in
672 1821 778 1884 verbis
800 1811 863 1899 εἰμὶ
875 1832 916 1884 et
938 1810 1019 1901 φημὶ
1042 1821 1195 1900 consistit,

98 1942 134 2004 in
156 1945 335 2006 recentiora
358 1942 420 2006 bac
442 1944 605 2006 interdum
626 1942 785 2005 latissime
807 1954 926 2027 patere.

226 2055 270 2123 cci
291 2065 403 2130 vocula
431 2065 620 2152 multiplicis
646 2064 857 2148 significatus.
909 2064 991 2127 Orta
1013 2074 1063 2126 est
1086 2086 1127 2128 ox
1148 2053 1198 2124 ἵνα

36 2178 38 2182 ’
96 2196 250 2268 veterum,
273 2199 368 2268 atquo
391 2187 487 2272 hujus
509 2199 701 2274 potestatem
723 2186 819 2252 habet
841 2185 903 2249 hoc
924 2205 1019 2248 versu
1041 2188 1077 2249 in
1097 2187 1197 2249 verbis

96 2297 139 2367 vd
161 2306 227 2387 μοῢ
247 2296 415 2390 monitione,
437 2318 474 2373 ut
496 2310 577 2373 mibi
599 2305 752 2374 vendas-
767 2309 871 2371 Porro
889 2308 1139 2373 demonstrativa
1152 2310 1198 2383 vis

97 2428 128 2491 ei
150 2431 311 2508 tribuitur,
334 2441 380 2507 ut,
404 2449 501 2509 quum
524 2431 634 2493 dicunt
656 2418 699 2490 νά
719 2448 753 2488 ro
774 2449 816 2493 en
838 2426 901 2491 tibi
923 2427 997 2492 boc.
1042 2429 1122 2493 Vid.
1143 2430 1197 2494 Co

97 2566 187 2611 raem
214 2550 256 2613 ad
283 2547 516 2638 Ptcchoprodr.
549 2573 626 2639 pag.
655 2551 748 2632 103.,
782 2552 837 2633 qui
869 2549 931 2616 hac
963 2551 1199 2634 significatione

95 2670 192 2735 istam
213 2672 407 2758 particulam
429 2678 468 2739 ab
491 2677 624 2757 antiquo
646 2665 707 2752 rivi,
729 2675 814 2739 undo
836 2685 870 2737 et
883 2672 1076 2738 Latinorum
1091 2695 1133 2738 en
1148 2675 1199 2738 llu-

96 2793 198 2872 xerit,
226 2794 380 2861 deducere
408 2812 551 2863 conatur.
602 2799 766 2879 Frequens
788 2809 956 2882 praeterea
978 2801 1046 2880 ejus
1069 2818 1146 2862 usus
1168 2799 1200 2863 in

95 2914 405 2997 interrogationibus
427 2929 487 2994 est,
509 2921 558 2979 ita
579 2931 700 2995 tamen,
729 2928 854 2979 utnon
876 2929 943 2980 tam
964 2920 1038 3002 ipsa
1066 2921 1200 2983 interro-

96 3027 225 3116 geticae
246 3033 423 3117 particulae
445 3033 698 3139 vicelsungatur,
722 3052 817 3112 quam
835 3054 1027 3118 praegressa
1043 3042 1202 3124 particula

96 3152 331 3234 interrogativa
352 3154 533 3218 sententiae
555 3154 677 3235 aliquid
699 3156 921 3238 ambiguitatis
944 3159 1042 3223 addat
1059 3184 1086 3225 v.
1106 3187 1133 3228 c.
1150 3157 1204 3226 dic

14 3309 19 3320 ι
96 3260 223 3352 discipu),
245 3263 345 3343 πόβεν
365 3263 409 3333 uei
428 3266 518 3353 λάβω
539 3265 595 3349 τὴν
616 3268 726 3354 βίβλον
747 3266 862 3352 ταύτην
882 3276 1006 3355 nesciO,
1018 3281 1205 3351 andelium

95 3389 217 3458 librum
225 3393 515 3482 nancisciqueam.
529 3395 588 3460 Sic
601 3399 718 3463 dicitur
727 3397 790 3468 πῶς
799 3390 842 3459 ool
854 3385 928 3478 ἔχῃς
938 3422 1017 3465 vers.
1035 3404 1087 3466 50.
1100 3406 1206 3473 Para.-

93 3514 247 3601 phr.Bat.
256 3509 348 3580 οἰδὲν
358 3505 423 3590 εἶχε
433 3511 464 3578 τί
473 3508 698 3601 cduoiopvers.
710 3519 781 3585 129.
797 3519 1206 3594 cl.RusiauGr.Tc1n.ll.

94 3635 218 3723 p.203.,
229 3642 603 3726 aquotamcnpaululum
615 3622 780 3707 dissentio.
797 3644 911 3729 Longe
923 3645 988 3709 alia
1001 3646 1096 3729 hujus
1109 3670 1205 3715 vocu-

93 3757 205 3823 laevis
218 3770 276 3838 est,
296 3780 356 3840 qua
369 3784 428 3846 prc
442 3750 485 3822 cic
496 3765 651 3841 δυνητικῷ
660 3778 802 3829 veterum
816 3767 893 3830 olim
908 3771 1098 3853 ponebatur,
1123 3791 1205 3851 quae

56 3934 58 3936 ,
93 3881 220 3961 quidem
243 3900 294 3943 res
318 3885 441 3948 videtur
463 3886 644 3951 Hermanni
667 3893 887 3971 conjecturam
911 3891 946 3953 in
969 3893 1044 3954 diss.
1061 3892 1099 3952 de
1117 3908 1203 3976 part.

93 3987 136 4060 dv
157 4001 212 4065 lib.
228 4002 255 4065 Ι.
279 4023 348 4088 cap·
366 4003 394 4066 1.
418 4007 535 4094 Opusc.
553 4009 613 4075 IV.
636 4031 710 4096 pag.
734 4008 765 4072 4.
787 4014 996 4096 propositam,
1020 4000 1062 4072 cic
1077 4034 1118 4076 ex
1136 4009 1202 4076 ἀυα

95 4134 201 4190 ortum
223 4144 310 4202 esse,
332 4127 414 4190 satis
437 4129 637 4198 confirmare.
685 4132 766 4202 Non
785 4134 881 4197 eninr
910 4156 952 4198 ex
973 4122 1017 4194 ‹ib›
1038 4135 1111 4199 fieri
1134 4151 1204 4223 pot-
