2684 4740
1164 188 1232 260 103

262 368 305 435 V.
328 368 404 437 208.
449 360 611 452 πονηριὰῗ,
640 383 799 462 utsupra
827 394 908 439 vers.
939 375 1010 441 166.
1037 413 1080 426 -
1111 374 1230 462 παίρνει

129 493 303 559 dilucidavi
324 496 366 558 ad
388 494 511 580 dialogi
533 455 615 559 vers.
641 493 691 560 10.

260 617 304 680 V.
328 615 403 682 209·
449 608 578 698 ἀκριβός
599 637 712 693 cavoa,
734 615 874 694 amicus,
896 617 1050 697 dilectus,
1065 622 1229 689 inferioris

128 741 317 821 graecitatis
339 741 537 822 vocabulum,
560 742 730 828 formatum
752 764 792 805 ex
814 744 945 826 antiquo
962 734 1101 825 ὼιριβής.
1123 745 1228 809 Porro

126 864 212 949 apud
243 875 374 927 nostrae
407 865 580 928 memoriae
609 864 751 927 Graecos
780 886 834 944 ea,
868 886 948 947 quae
977 886 1095 949 magno
1123 869 1227 952 pretio

126 986 316 1066 venduntur,
339 998 416 1050 suut
437 975 578 1066 ἀκριβοῖ,
600 1006 699 1048 curm.
744 985 892 1067 Denique
915 988 953 1050 de
969 986 1152 1052 homiuibus
1166 985 1228 1053 hoc

125 1108 320 1191 adjectivum
348 1111 487 1195 capitur,
517 1109 572 1189 qui
600 1108 758 1180 veteribus
786 1120 862 1170 sunt
888 1102 1091 1189 φιλάργυροι,
1119 1129 1228 1192 quam-

125 1249 224 1309 quam
246 1251 284 1292 eo
306 1249 403 1292 sensu
423 1232 463 1292 ab
487 1229 620 1292 eruditis
643 1229 771 1313 saepius
794 1230 923 1313 ponitur
945 1231 1079 1311 antiqua
1100 1250 1172 1294 vox·
1185 1265 1228 1279 -

122 1349 179 1415 De
200 1352 393 1436 pronomine
415 1343 490 1431 ἐμέν
512 1351 582 1415 vide
605 1351 690 1414 dicte
712 1349 753 1412 ad
775 1371 853 1413 vers.
874 1350 925 1415 18.
950 1350 1120 1417 Caeterum
1132 1373 1228 1437 quum

122 1462 255 1551 ἀκριβές
277 1475 316 1535 ob
339 1473 610 1564 significationem
632 1473 772 1535 dativum
788 1474 940 1555 requirat,
965 1487 1109 1560 apertum
1127 1487 1176 1538 cst
1195 1488 1227 1540 et

122 1595 339 1656 accusativum
361 1586 436 1674 ε’μέν
457 1605 491 1657 et
513 1595 688 1678 genitivum
709 1586 822 1675 μητρός
844 1595 943 1660 dativi
965 1596 1034 1660 vice
1053 1594 1108 1661 hic
1125 1598 1225 1682 iungi.

115 1715 173 1780 cf.
197 1735 278 1799 quae
301 1717 537 1779 observavimus
559 1717 701 1780 advers.
726 1716 780 1780 96.

255 1838 302 1900 V.
325 1835 401 1901 110.
421 1894 425 1901 ,
445 1826 666 1919 ἀγαποῦσαμέ
690 1839 711 1900 1.
733 1857 761 1918 q.
783 1828 1018 1919 ἄγαποῦσαμεν
1036 1837 1064 1904 1.
1080 1860 1164 1924 pers
1178 1839 1223 1927 pl.

119 1963 198 2049 imp.
222 1972 282 2025 act.
304 1961 392 2024 verbi
414 1951 540 2040 ἀγαπῶ.
581 1960 667 2024 Nam
695 1980 754 2045 pro
780 1948 911 2040 ἠγάπων
932 1960 1117 2046 plerumque
1139 1980 1226 2027 nunc

117 2078 306 2166 ἀγαποῢσα,
329 2104 388 2169 pro
412 2073 533 2162 ἐτίμων,
557 2077 709 2163 ἒνιμοῦσα
730 2091 790 2144 etc.
815 2082 933 2143 dicunt.
966 2080 1052 2144 Vide
1068 2081 1225 2146 Dervaris

117 2215 285 2288 Γραμμαν.
308 2199 433 2266 cinisii.
455 2207 519 2264 σελ.
542 2202 614 2269 130.
641 2240 683 2251 -
705 2195 786 2285 yrar’
810 2188 884 2278 ἦτον
905 2203 925 2266 i.
949 2225 977 2264 e.
999 2192 1087 2283 wari
1107 2190 1187 2277 ἧννν.

254 2327 297 2391 V.
322 2325 398 2391 211.
442 2320 561 2407 ὑστερῶ
578 2323 680 2413 privo
703 2326 739 2389 in
762 2325 919 2389 deteriore
937 2326 1115 2409 graecitate
1129 2323 1224 2407 valet,

118 2455 212 2537 cujus
233 2449 436 2535 significatus
459 2448 592 2529 nullum,
616 2448 699 2530 quod
721 2449 838 2530 sciam,
861 2449 898 2512 iu
919 2450 1124 2532 antiquorum
1145 2447 1223 2512 scri·

115 2577 187 2664 ptis
208 2575 378 2658 vestigium
400 2585 459 2635 est.

253 2696 296 2759 V.
319 2694 393 2758 212.
438 2682 593 2772 ἐβάλνσιν
614 2711 672 2777 pro
696 2677 818 2768 ἔβαλαν
843 2687 864 2752 3
887 2710 969 2774 pers.
990 2689 1035 2774 pl.
1063 2710 1131 2753 cor.
1154 2684 1222 2754 ind.

117 2830 186 2886 act.
208 2819 295 2883 verbi
315 2807 403 2912 βάνω
426 2838 467 2879 ex
489 2817 621 2895 antiquo
644 2802 751 2892 βάλλω
773 2811 858 2889 nati,
889 2811 927 2872 de
956 2830 1016 2889 quc
1044 2811 1116 2872 vide
1144 2814 1224 2890 Δαρ-

119 2932 242 3022 βάρεως
262 2948 384 3022 Γραμμ.
406 2931 477 3000 cirri.
501 2940 566 3000 oei.
596 2934 667 3001 185.
703 2969 747 2982 -
779 2924 820 3014 μὶ
842 2924 969 3010 κλεψιὸἐ
994 2932 1014 2995 i.
1036 2954 1064 2995 e.
1091 2922 1134 3014 ¹ivl
1155 2933 1224 2992 κλε-
1335 2932 1341 2940 ’

115 3053 204 3143 macic
213 3057 352 3151 furtim.
397 3063 533 3145 Legitur
553 3073 660 3125 autem
681 3045 799 3135 κλεψιὰ
818 3077 877 3141 pro
895 3057 1026 3138 antiquo
1043 3044 1142 3132 κλοπή
1151 3059 1223 3141 jam

116 3191 155 3252 in
178 3187 410 3250 Nomocanone
440 3183 487 3283 ed.
511 3178 649 3247 Coteler.
680 3203 766 3246 num.
790 3175 865 3243 112.
889 3175 1112 3240 176.vom.1.
1150 3177 1223 3240 Mo-

117 3320 303 3374 numentor.
325 3306 412 3370 Eccl·
436 3306 548 3369 Graec.
1255 3392 1258 3396 .

254 3427 297 3491 V.
321 3426 394 3493 213.
439 3419 526 3489 aaut
547 3418 603 3487 καὶ
626 3444 847 3511 quamquam,
879 3416 1034 3508 quamvia
1056 3437 1115 3503 pro
1139 3418 1222 3481 auti·

117 3572 256 3636 quorum
287 3543 415 3633 καίπερ,
450 3547 477 3611 εἰ
508 3542 568 3610 καί
600 3549 764 3612 Italismus
798 3556 856 3608 est.
900 3541 978 3606 Itali
1004 3539 1154 3604 videlicet
1174 3541 1223 3603 sic

116 3686 277 3761 usurpant
299 3670 423 3738 berche
446 3696 484 3738 ao
507 3673 656 3737 similiter
674 3671 760 3734 Galli
783 3665 859 3730 bien
882 3685 956 3752 que,
979 3684 1039 3727 nos
1061 3659 1221 3726 wiewoll.

117 3800 186 3863 Pro
208 3787 294 3858 καλὰ
315 3787 372 3857 καὶ
394 3799 563 3861 usitatiora
587 3796 682 3859 hodie
704 3804 780 3857 sunt
802 3777 935 3870 ἀγκαλὰ
957 3799 988 3850 et
1010 3776 1145 3867 ὥγκαλᾶ
1166 3777 1226 3844 καί

116 3924 156 3986 in
191 3923 301 4003 quibus
333 3922 438 4006 prima
467 3920 593 4002 syllaba
627 3929 676 3980 est
709 3911 868 4002 particula
907 3909 1133 3974 conditionalis
1169 3892 1220 3967 do.

116 4044 264 4110 Proinde
288 4044 468 4130 comparari
489 4051 623 4129 possunt
645 4059 717 4105 cum
739 4036 853 4100 Italico
875 4030 1024 4098 sebbeac.
1048 4065 1089 4079 ·-
1112 4031 1153 4093 In
1166 4019 1222 4108 μό-

116 4189 174 4238 νος
200 4158 275 4246 μοῦ’
305 4178 399 4239 rrum
421 4167 443 4230 i.
467 4187 495 4230 e.
508 4152 613 4244 ..1161ος
634 4183 699 4242 μου
723 4148 831 4230 ἐ’παβα
858 4157 942 4220 idem
965 4153 1093 4218 divendi
1121 4167 1223 4234 genus
