2684 4740
199 219 245 294 66

176 421 255 485 ,ubi
283 437 341 506 pro
363 409 499 497 περίσσα
525 424 558 478 et
586 408 759 493 {perspicae
786 407 968 496 exspectari
1004 405 1139 470 debebat
1178 402 1304 490 περισσὰ

202 553 235 606 et
257 534 440 625 ἐμέτρησαν.
463 569 505 586 -
529 523 615 616 εἷμαι
638 535 660 597 i.
677 555 706 595 e.
732 523 804 611 εἶμί.
851 566 894 576 -
938 518 1148 610 ῑΙῑωιιιοφάγος
1178 543 1230 595 est
1257 553 1303 597 no·

201 683 276 728 men
298 664 510 748 aptissimum,
533 679 594 739 quo
616 657 769 719 reddatur
791 653 872 717 illud
896 654 978 735 quod
1002 655 1037 716 in
1061 651 1243 740 archetypo
1264 668 1304 718 cst

200 773 388 864 Τρωξάρτης.
432 763 563 847 Etenim
589 770 753 860 dapciwcl
774 767 900 857 ψωμίον
921 796 1008 839 nune
1026 772 1132 860 punis
1156 789 1209 840 est
1231 780 1304 864 apud

203 907 360 985 GraecoS‚
389 905 532 986 quamvis
561 903 645 988 apud
673 913 795 965 veteres
823 901 859 962 in
888 901 1073 962 universum
1098 895 1302 985 frustulum,

202 1026 295 1114 qaod
321 1023 375 1092 ori
403 1020 569 1110 ingeritur
595 1022 837 1106 significaverit.

333 1147 376 1210 V.
401 1144 453 1211 46.
497 1139 576 1205 duod
596 1137 632 1203 'v’
657 1128 691 1202 ad
715 1136 806 1224 γένει’
831 1144 853 1205 ἰ,
869 1163 897 1205 e.
922 1135 1001 1201 ὃποῢ
1023 1127 1104 1200 εἶναι
1126 1133 1164 1202 τὸ
1186 1139 1301 1224 γένειον.

203 1270 373 1336 Caeterum
396 1269 519 1350 siquis
543 1278 693 1352 corrupta
721 1267 872 1347 antiquae
901 1265 1078 1350 scripturae
1102 1268 1240 1349 vestigia
1259 1289 1300 1330 se-

204 1405 295 1458 cutus
322 1391 377 1455 hic
403 1393 544 1453 scribere
571 1387 650 1450 velit
676 1381 741 1445 ὁπῶ
769 1409 829 1473 pro
857 1381 952 1466 ὀποῦ,
975 1407 1042 1450 non
1064 1391 1300 1473 repugnabo‚a

204 1536 264 1597 quo
286 1514 439 1577 Dorismo
461 1512 588 1573 chum
610 1520 755 1572 nostrum
777 1530 844 1576 non
866 1508 1055 1589 abhorrere,
1086 1531 1167 1575 mox
1197 1512 1298 1574 videbi·

202 1618 283 1700 ΠΜ.
322 1667 367 1683 -
393 1632 607 1696 Recentiores
626 1623 768 1711 ,μακρῦς,
789 1622 943 1713 μακρειὰ,
963 1622 1074 1713 prorupit
1094 1654 1158 1720 pro
1180 1624 1297 1715 praecepcio,

203 1752 240 1835 d,
262 1748 300 1818 dn
321 1757 427 1821 dicere
447 1755 563 1818 solent.
585 1786 630 1804 ·-

333 1878 377 1941 V·
400 1870 452 1941 47.
496 1899 547 1956 μω
568 1862 603 1934 ’v'
628 1897 687 1964 pro
710 1900 775 1958 μου
797 1862 884 1941 εἶναι,
937 1879 1019 1976 Ταιιι
1047 1899 1143 1945 rarus
1168 1879 1222 1944 hic
1237 1880 1297 1944 -Do-

203 2006 336 2082 ristona,
365 2021 426 2082 quo
457 2022 507 2079 μω
536 2019 595 2084 pro
617 2001 835 2080 praedicitur,
858 2004 1002 2073 nuncin
1025 2002 1164 2070 Graecia
1186 2016 1250 2084 est,
1269 2014 1300 2065 ut

202 2126 314 2212 paucis
337 2125 555 2188 tantummodo
578 2134 675 2187 notus
698 2125 750 2186 sit.
773 2157 817 2172 -
839 2114 999 2204 εὐγενικὸς
1020 2126 1107 2190 idem
1122 2126 1205 2191 vaiet
1226 2126 1300 2206 quod

201 2248 404 2328 antiquorum
426 2233 564 2326 εὐγενής.
586 2276 630 2289 --
652 2235 791 2326 κράζουν
812 2248 834 2310 i.
858 2269 885 2310 e.
909 2236 1070 2327 κράζουσι.
1095 2246 1142 2311 cf.
1155 2268 1234 2310 vers.
1249 2245 1299 2312 27.

332 2365 375 2431 V.
399 2363 451 2431 48.
477 2355 550 2423 ’τὸν
571 2351 675 2424 adadu
697 2369 718 2429 i.
742 2390 770 2431 e.
793 2371 823 2432 si
845 2370 980 2437 sormam
1003 2380 1139 2455 spectas,
1163 2361 1216 2430 τὸν
1229 2363 1299 2429 πλεῖ.

201 2509 277 2566 ocu,
305 2488 335 2549 si
362 2485 599 2569 significatum,
613 2450 681 2545 Ῐὸν
709 2488 861 2553 πλεῖστον.
908 2490 958 2554 Cf.
985 2482 1141 2552 Ἀτάκτων
1169 2496 1255 2558 Tom.
1273 2493 1296 2556 Ι.

200 2629 275 2697 pag.
299 2606 352 2672 522
376 2619 408 2672 ct
430 2619 544 2703 notata
566 2610 607 2677 ad
629 2629 711 2674 vers.
735 2609 787 2676 72.
839 2611 890 2676 De
910 2604 1019 2695 καιρός
1040 2616 1113 2679 vide
1134 2636 1218 2698 quaa
1240 2617 1297 2680 dixi

200 2733 243 2797 ad
264 2743 346 2796 vers.
372 2731 423 2796 13.
445 2768 490 2782 --
511 2722 676 2816 aordocpn
706 2731 892 2800 albissima.
946 2722 1066 2818 ὀίσπρος
1091 2740 1128 2802 in
1159 2741 1296 2809 citeriore

190 2855 387 2920 ¹Graecitate
409 2858 544 2919 vertitur
579 2854 695 2937 albas,
726 2860 765 2921 de
792 2880 853 2938 qua
876 2882 951 2924 voce
980 2840 1132 2929 disseruit
1164 2864 1296 2928 Oecoao

198 2995 269 3038 mus
290 2975 372 3034 libro
401 2966 468 3050 περὶ
490 2972 541 3045 τῆς
561 2963 697 3053 evadas
718 2976 877 3055 προφορᾶς
898 2978 950 3052 τῆς
972 2975 1145 3061 itineraria
1160 2980 1295 3068 padoane

198 3115 273 3180 pag.
297 3091 370 3157 601.
392 3112 478 3174 seqq.
525 3094 710 3160 Notandum
736 3117 826 3178 vero,
857 3099 893 3162 in
920 3100 1086 3184 adjectivis
1116 3113 1295 3199 compositis

198 3234 265 3279 non
287 3215 392 3280 solum
414 3217 604 3283 femininum
627 3239 647 3283 a
669 3220 764 3304 vulgo
786 3222 919 3286 formari
942 3224 1028 3288 velut
1049 3218 1067 3303 ἡ
1090 3222 1232 3312 ἀμίμηγη
1247 3222 1295 3313 qa'r

195 3358 246 3410 σις
272 3361 332 3428 pro
361 3333 380 3415 ἡ
408 3331 561 3420 ἀμίμητος
588 3331 698 3422 φύσις,
734 3346 786 3408 cui
813 3348 925 3428 generi
952 3349 1194 3419 adnumeranda
1229 3369 1295 3422 suut

196 3483 276 3544 quae
297 3464 382 3550 apud
403 3475 527 3527 veteres
549 3465 700 3550 leguntur
722 3469 879 3539 feminina
902 3462 1071 3552 derogadra,
1093 3467 1250 3556 ἀῇαυάτη
1272 3492 1294 3546 a

188 3585 277 3674 alia,
305 3586 410 3667 (reete
439 3589 569 3655 defensa
596 3591 636 3655 ab
664 3590 852 3657 Hermanno
879 3594 1031 3658 adversus
1053 3595 1245 3681 Elmslejum
1267 3605 1295 3666 in

194 3708 301 3771 adnot.
331 3710 373 3772 ad
399 3709 510 3798 Eurip.
538 3712 625 3776 Med.
653 3734 736 3778 vers.
766 3712 863 3795 897.)
896 3717 953 3781 sed
980 3720 1118 3794 etiamn
1142 3728 1294 3810 saepein

192 3829 324 3911 reliquis
351 3829 517 3912 adjectivis
546 3855 617 3930 per
633 3836 811 3900 Ionismum
836 3859 895 3923 pro
923 3862 946 3899 α
972 3840 1060 3927 poni,
1083 3843 1170 3906 verbi
1202 3868 1294 3913 causa

191 3941 281 4030 πικρὴ
309 3961 341 4013 ct
369 3944 464 4030 μικρὴ
486 3977 545 4041 pro
567 3948 664 4038 πικροὶ
691 3972 724 4023 et
750 3950 856 4043 μικρά,
904 3962 953 4026 cf.
975 3962 1111 4028 Davidis
1133 3972 1293 4049 stuporata

189 4062 304 4153 λισμόν
324 4069 375 4146 γῆς
398 4067 555 4153 {ditaverim
575 4072 631 4140 acci
653 4084 817 4163 γραικικῆς
838 4075 987 4166 γλώσσης
1008 4089 1072 4146 aad.
1097 4086 1147 4151 11.

318 4193 359 4260 V.
383 4191 436 4259 49·
480 4193 695 4290 Λαρδρφάῳου
717 4229 835 4272 nomen
859 4210 1002 4277 continet
1031 4209 1219 4286 vocabulum
1249 4216 1291 4279 la-
