2684 4740
1073 238 1163 289 XXX!

56 435 76 480 a
101 407 240 484 Latinis
265 408 383 485 littera
407 409 442 500 b,
468 409 566 487 vetut
587 406 842 512 Ἀλκιβιάδης,
865 405 1073 508 Βόσπορος,
1097 408 1160 485 Al-

56 540 224 631 eibiadcs‚
250 539 446 642 Bosporus
469 543 552 617 inde
569 543 728 618 Graecos
746 540 799 617 sic
817 540 1070 643 pronuntiasse
1087 566 1161 615 non

54 673 168 773 nangis
195 673 311 773 colligi
334 685 465 775 potest,
492 702 597 775 quam
623 676 655 750 si
681 675 763 775 quis
788 701 833 748 ex
853 673 981 748 italicis
1006 672 1162 748 vocabu·

54 805 99 879 lis
126 807 270 879 cavallo
300 817 336 880 et
361 809 486 882 tacola
517 807 575 883 vel
606 835 651 881 ex
683 807 807 908 gallico
838 807 929 880 licre
961 804 1159 897 concludat,

53 937 238 1013 Rouraoos
264 938 462 1026 caballum,
496 940 657 1013 tabulam
688 949 726 1013 et
755 938 886 1012 librum
915 963 1066 1016 vocasse
1097 963 1160 1011 ca·

53 1070 207 1156 atellam,
239 1071 399 1144 tavalam
428 1071 486 1146 vel
515 1073 677 1145 toaclam
708 1080 746 1146 et
769 1071 909 1142 liuram.
955 1069 1038 1143 Huc
1061 1095 1161 1145 accc-

53 1199 119 1291 dit,
144 1201 243 1300 quod
266 1204 305 1276 in
330 1202 488 1301 antiquis
512 1202 805 1301 inscriptionibus
830 1199 948 1273 latinis
965 1200 1073 1286 dixit,
1088 1226 1163 1273 ser-

55 1331 141 1417 buS,
167 1334 342 1418 arroaoile,
373 1335 628 1419 benemeritus,
657 1331 766 1407 Jotis
788 1359 855 1433 pro
879 1326 994 1418 viaet,
1023 1356 1160 1421 servus,

55 1462 226 1549 amabile,
252 1463 499 1551 benemeritus,
524 1462 632 1538 Joais
655 1463 792 1566 legitur,
817 1464 912 1538 unde
936 1463 1067 1564 liquet,
1092 1462 1161 1537 ire-

55 1605 209 1696 quenter
232 1596 371 1695 priscos
397 1594 579 1671 Romanos
605 1598 627 1670 b
652 1607 690 1671 et
713 1625 735 1668 a
760 1608 991 1696 permutasse.
1022 1594 1160 1671 Eadem

55 1728 146 1803 ratio
170 1727 303 1804 vocalis
328 1760 354 1828 η
379 1736 447 1818 est,
473 1754 543 1827 qua
566 1726 685 1801 littera
719 1728 840 1801 Latini
871 1738 1033 1803 carentes
1066 1728 1162 1803 sicut

57 1859 189 1935 caeteri
205 1857 373 1958 Europae
389 1859 512 1959 populi
537 1859 824 1961 nescientesque,
850 1858 1030 1960 quomodo
1048 1869 1162 1932 totam

55 1995 133 2090 ejus
152 1991 225 2066 vim
249 1990 497 2091 exprimerent,
516 1993 623 2066 nrodo
641 1993 774 2066 rectius
791 1993 1021 2067 enuntiarunt
1042 1990 1162 2066 littera

10 2206 13 2213 ,
53 2124 83 2210 i,
97 2125 191 2197 lirae
216 2133 253 2197 et
272 2125 392 2222 psitta
417 2123 577 2197 dicentes
603 2148 669 2222 pro
693 2123 802 2223 λκῆροι
827 2133 864 2196 et
886 2127 1030 2229 ψῆττα,
1053 2122 1162 2195 modo

55 2256 237 2330 elemento
269 2279 290 2324 e
318 2251 470 2353 reddere
495 2262 693 2342 tentarunt,
718 2249 886 2327 Athenas
910 2264 947 2329 et
970 2251 1060 2327 ecto
1086 2278 1164 2329 ver-

58 2394 179 2461 tentes
206 2410 298 2484 quae
323 2409 450 2484 graece
475 2395 605 2460 sonant
626 2384 795 2485 Ἀθῆναι
811 2396 849 2462 et
864 2385 958 2489 ἠχώ.
1000 2382 1163 2486 Quicun-

58 2544 130 2620 que
154 2517 237 2591 hioe
262 2517 367 2616 cogit,
392 2548 418 2618 η
443 2517 661 2593 efferendum
692 2544 774 2594 esse
804 2530 847 2595 ut
876 2546 897 2593 e
932 2518 1052 2618 (quod
1084 2516 1162 2618 plu·

57 2650 138 2727 rimi
169 2648 276 2724 simul
305 2648 394 2723 loeis
429 2651 642 2748 quibusdam
671 2661 834 2727 veterum
864 2675 939 2724 nou
969 2649 1161 2725 intellectis

56 2782 306 2856 demonstrare
331 2782 536 2874 conantur,)
569 2779 695 2852 eodem
719 2778 827 2852 mode
860 2778 1027 2854 videntur
1054 2778 1164 2851 hallu·

60 2911 187 3001 einari,
219 2935 293 3011 quo
323 2909 386 3010 qui
417 2934 463 2985 ex
485 2910 608 2986 Italica
639 2936 728 2988 voce
753 2910 885 2985 lettera
907 2909 966 2989 vel
991 2937 1011 2986 e
1036 2909 1162 3015 gallico

56 3044 200 3120 nomine
224 3054 327 3117 cartu
352 3045 525 3144 consequi
548 3053 661 3145 putat,
686 3054 728 3119 ut
750 3043 871 3121 Latini
894 3044 979 3120 olim
999 3046 1163 3119 litteram

57 3188 97 3253 et
119 3179 287 3251 uirtutem
312 3176 522 3276 appellarint
544 3178 711 3251 letteram
742 3187 780 3252 et
808 3188 992 3251 vertatem.
1045 3175 1163 3269 Adde,

58 3308 159 3410 quod
182 3308 293 3408 prisci
321 3308 443 3383 Latini
473 3310 686 3410 quibusdam
717 3310 755 3383 in
784 3308 933 3386 vocibus
962 3336 984 3382 a
1014 3333 1163 3406 usurpa-

58 3442 147 3514 bant
170 3466 235 3541 pro
261 3443 293 3532 i,
317 3441 355 3515 in
379 3441 457 3517 aliis
483 3443 537 3518 sie
561 3443 799 3543 proferebant,
824 3451 864 3516 ut
883 3465 1003 3537 neque
1021 3465 1042 3512 e
1058 3437 1163 3539 plane

57 3597 178 3672 neque
210 3573 227 3643 i
256 3571 443 3649 audiretur.
497 3575 620 3651 Testis
646 3572 911 3676 Quinctilianus
941 3571 1000 3645 lib.
1024 3569 1044 3647 Ι
1068 3598 1098 3647 e
1122 3575 1163 3647 4:

59 3731 107 3797 „e
133 3730 279 3805 quoquc
303 3705 322 3777 i
342 3703 422 3779 loce
447 3705 524 3798 fuit,
550 3718 591 3783 ut
614 3707 788 3784 Menerva
813 3716 850 3780 et
874 3704 993 3781 Leber
1022 3714 1060 3779 et
1082 3703 1162 3809 Ma-

58 3847 184 3938 gester
203 3845 242 3910 et
264 3835 395 3936 Dijove
420 3848 457 3913 et
481 3835 620 3938 Vejove
644 3867 709 3941 pro
734 3836 857 3938 Dijovi
874 3846 911 3912 et
928 3835 1068 3935 Vejovi.
1101 3833 1163 3911 Li·

57 3970 137 4047 vius
163 3979 201 4042 et
225 3967 406 4045 Pedianus
431 3969 518 4045 Sibe
542 3982 580 4047 et
605 3970 731 4072 Quase
755 3971 966 4047 scribebant
1003 3967 1048 4043 In
1064 3966 1162 4043 Here

58 4128 176 4201 neque
200 4127 222 4175 e
246 4099 361 4200 plane,
385 4129 503 4202 neque
528 4106 545 4178 i
567 4104 719 4179 auditur.
774 4103 854 4180 Nos
880 4126 975 4176 nuuc
998 4126 1020 4173 e
1044 4098 1163 4171 littera

59 4233 308 4328 terminamus3
334 4245 372 4313 at
395 4244 560 4314 veterum
583 4235 812 4314 Comicorum
835 4235 953 4345 adbuc
984 4227 1086 4303 libris
1109 4225 1165 4301 in·
1252 4330 1257 4339 Ι
