2684 4740
114 427 164 494 At
186 438 232 512 tu,
255 429 416 510 moereo,
439 428 607 519 praeclara
628 444 699 495 mea
720 428 802 511 filia,

115 534 234 642 Credo,
257 573 291 626 et
312 582 384 627 sum
406 560 579 642 confidens,
601 559 758 628 hodierno
780 562 849 642 die,

116 702 149 754 te
173 692 404 778 opitulaturam
423 714 493 760 esse
514 694 672 773 murinum
692 713 770 759 nam
792 695 830 759 in
851 693 972 780 templo
994 707 1049 760 tuo

117 823 298 926 tripudiant
318 845 431 890 omnes
451 836 485 890 et
505 824 639 906 saltant,
660 827 856 913 aspioientea
877 845 969 890 aram
991 838 1091 908 mam,

118 975 200 1036 quae
222 967 272 1020 est
292 956 391 1043 plena
410 958 623 1038 victimarum,
646 977 685 1021 ae
706 956 908 1022 delectentur
928 959 1053 1038 nidore,

117 1098 152 1150 et
174 1089 299 1174 vesperi
320 1100 569 1174 eongregantur,
590 1087 716 1171 singuli
737 1099 775 1150 ut
796 1097 942 1153 coenent·

120 1217 308 1304 Respondit
328 1219 402 1282 illa:
417 1220 455 1282 0
477 1228 572 1304 pater
593 1218 641 1280 mi
662 1217 830 1281 carissime

122 1347 274 1412 Muribus
296 1349 438 1434 adjutrix
459 1368 527 1412 non
547 1346 592 1412 fio
614 1367 763 1430 unquam.

112 1470 229 1545 'Multo
250 1479 337 1545 mala
358 1481 415 1544 isti
435 1481 569 1567 pessimi
590 1480 734 1543 inierunt
754 1478 860 1560 donis,

122 1632 204 1693 quae
226 1612 363 1677 afferunt
384 1609 531 1677 homines
552 1613 589 1677 in
610 1609 765 1698 templum
786 1611 927 1696 singem
948 1611 1056 1692 horis,

120 1743 166 1810 Et
186 1755 317 1831 proptor
340 1743 446 1807 oleum
467 1744 614 1822 caedunt,
637 1753 671 1806 et
691 1756 900 1830 corrumpunt
912 1743 1062 1810 lueernas
1077 1744 1227 1828 oleariae,

123 1897 163 1941 ae
184 1895 283 1962 super
304 1875 425 1938 mensis
447 1874 568 1939 rodunt
588 1873 746 1939 mantilia.

125 2011 338 2088 Quaecunque
345 2006 513 2087 (denique)
523 2006 590 2071 alia
596 2006 773 2091 reperiunt,
784 2023 824 2068 ee
837 2004 1107 2072 omniainvadunt
1119 2008 1231 2079 eodem

125 2137 344 2219 (Unum)hoe‚
357 2137 440 2218 quod
450 2137 576 2200 dictura
588 2155 670 2215 stom,
680 2154 732 2198 me
743 2134 876 2207 offendit
884 2133 1066 2221 plurimum.
1111 2136 1230 2220 [modo.

125 2258 299 2347 Lobetanoi,
322 2277 354 2330 et
375 2267 450 2330 nevi
471 2265 876 2348 subtilissimumstamen,

129 2400 228 2478 texui,
251 2409 283 2462 et
304 2398 357 2462 sui
378 2417 440 2483 ego
461 2398 534 2485 ipsa
554 2397 637 2478 sola,

126 2543 248 2596 vestem
269 2531 341 2611 feei,
365 2530 627 2599 candidissimam
647 2529 784 2616 pallam3

127 2666 169 2728 In
191 2684 231 2727 ea
251 2681 328 2726 vero
350 2663 504 2740 seeerunt,
528 2661 612 2742 quod
634 2662 682 2724 eis
703 2661 834 2746 placuit.

129 2797 249 2859 Totam
271 2802 487 2871 corroserunt,
510 2803 543 2855 et
564 2769 725 2854 foramina
746 2791 782 2854 in
803 2809 843 2854 ea
865 2791 1018 2872 fecerunt,

133 2928 171 2990 in
193 2927 264 3011 ipsa
286 2943 353 2987 non
374 2923 532 2991 remansit
550 2922 712 3007 integrum
734 2920 785 2985 vel
806 2942 905 2989 unum
926 2923 1026 3009 filum.

129 3059 173 3121 In
195 3056 262 3120 illis
289 3056 436 3120 omnibus
458 3053 553 3119 malis
575 3065 609 3118 et
629 3052 692 3117 hoe
711 3053 810 3119 simul
831 3068 896 3120 este

130 3160 198 3254 non
220 3188 329 3277 habui,
352 3187 409 3250 sed
431 3198 574 3252 mutuam
595 3187 718 3274 sumpsi
744 3189 785 3251 ab
806 3187 875 3251 alia
897 3189 1026 3253 texendi
1053 3191 1233 3272 materiem,

131 3334 166 3386 et
189 3318 302 3401 (nune)
323 3319 399 3398 illa,
422 3339 503 3400 quae
525 3318 610 3384 hano
632 3331 775 3384 mutuam
795 3319 894 3402 dedit,
915 3320 983 3386 vult
1003 3322 1067 3389 sibi
1089 3325 1217 3387 restitui
1224 3346 1234 3403 ;

132 3453 276 3542 postulat
296 3473 348 3515 me
369 3463 536 3538 praeterea
557 3470 687 3517 usuram
700 3452 891 3539 persolvere.

133 3588 316 3673 Propterea
338 3584 426 3670 ipsos
448 3585 593 3672 vitupero
615 3595 648 3648 et
670 3585 872 3655 inimicitiam
886 3589 1047 3658 „adversus
1068 3605 1125 3649 eos
1148 3601 1237 3671 gero,

133 3741 174 3783 ae
196 3739 282 3781 nune
305 3737 372 3780 non
394 3717 537 3780 auxilior
559 3718 606 3780 eis
628 3718 664 3781 in
686 3739 745 3781 sua
765 3718 966 3782 necessitate.

134 3850 204 3915 Sed
227 3850 305 3913 lieet
326 3849 378 3912 his
401 3851 488 3913 irata
509 3850 582 3928 sim,
605 3851 747 3915 muribus
771 3849 853 3926 dieo,
878 3869 897 3909 o
919 3847 1076 3935 Iuppiter,

133 3996 245 4047 tamen
267 4002 327 4044 nee
349 3982 439 4044 ranis
461 4000 517 4042 ero
540 3979 662 4043 auxilio
683 3980 752 4041 ulli.

133 4114 226 4180 Sunt
249 4124 282 4176 et
303 4111 381 4176 illae
403 4112 567 4173 dementes
589 4110 683 4189 (quis
705 4111 753 4172 eis
775 4105 969 4193 opituletur?
977 4108 999 4183 )‚

133 4257 215 4313 sunt
237 4255 270 4308 et
292 4243 453 4309 elamosae
475 4251 508 4305 et
527 4240 684 4312 ‚molestae
706 4250 832 4302 natura.
